2594 4128
355 370 544 428 ΟΝΕΙΡΟΣ
569 372 597 426 Η
621 367 903 428 ΑΛΕΚΤΡΤΩΝ;
1044 359 1107 426 139

79 603 82 608 .
147 551 283 632 ἐλπίζειν
304 549 393 628 ἥξειν.
416 553 429 618 ό
449 553 506 630 μὲν
525 558 600 630 γοῦν
622 554 681 619 ὑπὸ
701 557 755 618 τοῦ
775 551 883 623 παιδός
903 551 1055 617 όιπέθανεν
1079 552 1113 616 ἔκ

146 674 341 759 φαρμοίκων,
363 676 376 740 ό
398 673 501 763 δὲφιιαὶ
522 674 615 747 αὐτὸς
629 675 687 739 ύπό
701 678 753 739 τοῦ
767 672 931 755 ἐρωμένου,
945 673 1035 737 τόνδ’
1049 661 1110 738 όολ-

112 825 118 842 ε
146 812 200 868 λος
220 794 290 868 ἴσως
305 792 404 873 όμοιος
416 797 526 888 τρόπος
539 795 670 863 θανύτου
683 796 874 875 κατέλαβεν.

194 916 248 982 26.
271 927 361 983 ΜΙΚ.
377 921 529 1004 Ἄπαγε,
550 920 634 984 δεινόν
654 903 760 983 ταῦτα
781 919 861 1000 φύς,
883 914 904 982 ὦ
925 915 1111 997 οίλεκτρυύν.

147 1041 213 1117 ἐμοὶ
228 1045 302 1119 γοῦν
314 1041 393 1106 πολὺ
407 1039 642 1122 ἀσφαλέστερον
655 1049 855 1123 σκυτοτομεῖν
865 1037 1078 1121 ἐπικεκυφότα
1091 1036 1108 1113 ῆ

147 1160 244 1226 πίνειν
263 1162 326 1225 οίτδ
346 1171 464 1241 χρυσῆς
485 1160 604 1243 φιοίλης
623 1161 736 1242 κωνείῳ
749 1161 766 1236 ῆ
779 1161 908 1243 ύιιονίτςο
920 1183 1112 1240 συνανακρα-

147 1284 251 1348 θεῖσαν
273 1255 513 1364 φιλοτηόίαν·ό
538 1287 611 1361 γοῦν
633 1283 762 1355 κίνδυνος
784 1282 849 1360 ἐμοὶ
876 1281 952 1360 μέν,
973 1283 999 1347 εί
1021 1306 1112 1362 παρο·

147 1403 243 1468 λίσθοι
261 1406 295 1468 τὸ
317 1403 439 1481 σμιλίον
459 1403 511 1490 καὶ
533 1402 666 1483 οίμοίρτοι
685 1412 740 1477 τῆς
761 1412 857 1481 τομῆς
879 1411 933 1478 τῆς
956 1404 1006 1467 ἐπ’
1021 1402 1107 1481 εὐθύ,

149 1523 253 1602 ὀλίγον
273 1547 303 1588 τι
324 1523 462 1602 αίμύξαι
482 1526 551 1594 τοὺς
574 1525 745 1596 δακτύλους
767 1523 954 1603 ἐντεμόντα·
979 1525 1005 1589 οί
1030 1523 1055 1587 δ’
1075 1524 1113 1594 ιδς

148 1646 212 1729 φῆς
245 1645 403 1724 θανοίσιμα
435 1649 643 1732 εὐωχοῦνται,
664 1648 717 1712 καί
739 1646 979 1726 ταῦτα’μυρίοις
1001 1651 1109 1716 κακοῖς

149 1765 297 1844 ξυνόντες.
323 1763 380 1832 εἶτ’
404 1769 528 1834 ἐπειδόιν
548 1768 692 1845 πέσωσιν,
716 1765 809 1848 ύμοιοι
830 1768 975 1846 μύλιστα
987 1767 1111 1849 φαίνον-

149 1911 201 1954 ται
215 1898 278 1962 τοῖς
291 1896 449 1969 τραγικοῖς
464 1891 656 1971 ὑποκριταῖς,
672 1888 710 1956 ὧν
722 1889 855 1960 πολλοὺς
869 1892 940 1956 ἰδεῖν
954 1889 1019 1954 ἔστι
1032 1887 1105 1961 τέως

148 2011 205 2089 μὲν
226 2011 384 2090 Κέκροπας
405 2013 489 2086 δῆθεν
508 2011 598 2084 ὄντας
613 2011 630 2087 ῆ
645 2015 800 2094 Σισύφους
815 2012 831 2086 ῆ
845 2011 1029 2090 Τηλέφους,
1042 2009 1109 2074 δια·

149 2133 267 2210 δείματ’
290 2132 423 2213 ἔχοντας
441 2133 493 2197 καὶ
514 2131 593 2215 ξίφη
609 2134 857 2214 ἐλεφαντόκωπα
870 2134 924 2197 καί
937 2133 1110 2196 ἐπίσειστον

149 2254 246 2332 κόμην
257 2255 309 2318 καί
322 2254 480 2334 χλαμύδα
492 2253 721 2334 χρυσόπαστον,
731 2258 765 2331 ῆν
779 2255 815 2334 δ’,
825 2251 874 2319 οία
887 2253 993 2320 πολλόι
1005 2255 1112 2332 γίγνε-

117 2357 120 2366 ¹
150 2399 214 2454 ται,
223 2374 466 2453 κενεμβατήσας
479 2399 525 2449 τις
539 2379 639 2442 αὐτῶν
650 2377 679 2441 ἕν
688 2377 768 2459 μίση
781 2386 921 2468 τῆσκηνῆ
932 2376 1109 2456 καταπέση,

150 2494 276 2574 γέλωτα
294 2495 411 2572 δηλαδῆ
424 2496 556 2578 ταρίχει
569 2505 631 2570 τοῖς
646 2499 772 2571 θεαταῖς
787 2504 840 2562 τοῦ
854 2498 1039 2577 προσωπείου
1052 2499 1109 2574 μὲν

149 2619 359 2698 συντριβέντος
372 2621 456 2699 αύτῷ
470 2619 649 2699 διαδῆματι,
665 2619 851 2702 ῆμαγμόνης
864 2619 895 2684 δὲ
908 2628 963 2695 τῆς
977 2620 1108 2694 ύληθοῦς

150 2745 293 2818 κεφαλῆς
317 2741 383 2826 [τοῦ
405 2741 577 2826 ὑποκριτοῦ]
600 2742 653 2806 καί
673 2747 731 2806 τῶν
744 2748 859 2806 σκελῶν
874 2742 924 2805 ἐπὶ
937 2743 1016 2806 πολὺ
1029 2762 1112 2818 γυμ-

150 2860 307 2938 νουμένων,
327 2863 366 2932 ὥς
386 2868 440 2934 τῆς
461 2863 491 2927 τ’
510 2863 632 2938 ἐσθῆτος
645 2864 687 2926 τόν
703 2862 814 2928 ἔνδοθεν
826 2865 1002 2941 φαίνεσθαι,
1015 2861 1109 2944 ρύκια

151 2981 285 3058 δύστηνα
309 2982 397 3062 όντα,
417 2985 468 3049 καί
489 2990 547 3048 τοῖν
572 2983 709 3064 κοθόρνων
731 2985 785 3058 τῆν
809 2985 948 3050 ὑπόδεσιν
972 2988 1112 3068 οὶμορφο-

151 3103 250 3180 τόσην
274 3105 325 3170 καί
352 3108 383 3170 ού
408 3105 494 3170 κατόν
513 3103 606 3185 λόγον
626 3111 679 3170 τοῦ
700 3105 801 3177 ποδός.
826 3108 896 3192 δρᾷς
911 3105 990 3180 θπως
1003 3132 1044 3186 με
1060 3106 1112 3172 καὶ

151 3225 284 3308 είκθζειν
303 3226 356 3302 ῆδη
379 3226 524 3306 ἕδιδόξω,
546 3224 567 3291 ύ
588 3226 740 3305 βέλτιστε
749 3229 942 3308 ύλεκτρυύν’;
956 3230 1046 3294 ύλλόο
1057 3253 1109 3294 τυ·

151 3349 249 3428 ραννῖς
271 3348 327 3425 μὲν
347 3347 480 3414 τοιοῦτόν
503 3373 533 3414 τι
558 3348 641 3431 ύφθη
668 3346 754 3415 οὖσα.
779 3347 871 3421 ίππος
896 3351 922 3415 δ’
947 3351 964 3426 ῆ
989 3351 1067 3416 κύων
1092 3349 1112 3426 ῆ

152 3468 242 3552 ἰχθὺς
265 3471 282 3546 ἢ
301 3469 468 3554 βοίτραχος
490 3471 582 3537 θπότε
600 3471 715 3549 γένοιο,
737 3473 800 3543 πῶς
814 3471 920 3552 ἔφερες
933 3475 1044 3547 ἐκείνην
1058 3474 1115 3548 τῆν

153 3589 329 3677 διετοιθθνε
