2640 4138
415 1210 837 1298 PRAEFATIO.

533 1522 703 1534 ...—..-—-

185 1745 274 1820 Quod
303 1745 424 1808 iamdiu
455 1763 600 1829 ceperam
633 1743 818 1821 consilium,
849 1745 997 1822 Luciani,
1021 1745 1111 1809 cuius

140 1867 274 1932 lectione
303 1866 435 1931 mirifice
467 1867 622 1942 delector,
655 1865 798 1950 dialogos
826 1866 947 1950 aliquot
978 1867 1111 1950 edendi,

140 1989 170 2051 id
205 1992 331 2073 patrare
367 1987 535 2064 constitui,
572 2009 644 2051 curn
680 2008 764 2051 nova
798 1991 836 2050 de
871 1987 1045 2072 gymnasiis
1075 1987 1111 2051 in

140 2110 241 2195 patria
261 2110 373 2172 nostra
392 2108 577 2172 ordinandis
596 2107 665 2192 lege
684 2107 889 2192 promulgata
912 2109 1109 2172 vindicatum

139 2231 202 2295 vidi
224 2230 274 2295 ius
299 2227 439 2296 Graecae
463 2234 495 2294 et
518 2229 653 2294 Latinae
676 2229 821 2313 linguae,
848 2251 927 2313 quas
951 2251 1023 2292 cum
1044 2230 1108 2294 dis-

139 2353 263 2436 ciplinis
287 2351 520 2415 mathematicis
539 2351 751 2415 fundamenta
770 2373 853 2427 esse,
875 2351 989 2434 quibus
1009 2351 1110 2414 solida

138 2475 271 2538 eruditio
284 2477 391 2556 posset
404 2473 594 2556 superstrui,
611 2495 683 2537 cum
696 2474 815 2537 maiore
827 2473 967 2537 nationis
979 2475 1108 2538 nostrae

137 2600 226 2680 parte
250 2594 384 2680 agnovit
405 2595 585 2679 legislator,
610 2597 746 2679 augusto
770 2617 828 2688 suo
846 2595 976 2658 nomine
995 2595 1102 2658 sanxit

138 2715 273 2780 civitatis
304 2736 361 2779 rex
392 2717 424 2779 et
438 2717 637 2794 moderator.
662 2715 781 2779 Graece
802 2720 912 2779 tamen
936 2717 968 2778 et
990 2715 1105 2779 Latine

137 2836 331 2901 discentibus
351 2825 418 2901 non
436 2836 631 2900 haerendum
651 2858 717 2900 esse
736 2837 776 2900 in
792 2835 1030 2920 etymologias,
1056 2837 1109 2901 sed

137 2957 363 3042 etymologiam
387 2963 532 3022 accurate
554 2958 756 3022 tractandam
779 2962 811 3032 et
834 2957 968 3022 firmiter
992 2962 1106 3024 tenen-

137 3083 208 3142 dam
239 3101 323 3156 esse,
355 3101 418 3163 quo
444 3079 569 3144 facilius
592 3079 739 3164 discipuli
762 3081 798 3143 in
819 3081 949 3165 linguae
973 3081 1105 3145 interio-

135 3221 200 3264 rem
230 3204 437 3284 penetrarent
467 3201 616 3264 notitiam
652 3201 904 3285 scriptorumque
940 3202 1107 3286 ingenium

136 3298 373 3403 pernoscerent,
410 3321 485 3386 inde
515 3324 622 3405 patet,
653 3324 740 3406 quod
771 3325 896 3406 praeter
927 3323 1109 3400 statarium,
1170 3327 1174 3338 “

139 3463 232 3524 quam
258 3423 394 3520 vocant,
415 3443 580 3525 utriusque
599 3443 729 3526 linguae
750 3419 916 3507 auctorum
936 3444 1105 3508 lectionem

139 3566 169 3625 et
204 3563 450 3647 explicationem
484 3563 630 3627 iubemur
664 3585 701 3627 ea
735 3564 805 3648 lege
840 3586 912 3628 cum
943 3566 1106 3650 discipulis
