2640 4138
645 309 708 352 vm

188 501 244 563 per
267 479 368 542 multa
391 479 515 542 saecula
538 499 596 542 nos
619 476 742 542 fefellit.
767 477 832 543 Vix
860 478 965 566 minus
989 477 1158 542 ridiculum

188 603 254 677 est,
286 603 371 684 quod
395 601 487 684 {apud
510 598 689 664 Horatium¹
705 601 840 684 legimus
864 599 925 683 Ep.
949 601 975 664 I.
1003 602 1032 664 7.
1059 601 1099 666 35
1125 601 1161 664 in
1264 677 1267 684 Ι
1313 677 1314 684 ¹

179 721 424 804 'elegantissima
447 724 488 784 ad
511 721 730 786 Maecenatem
755 720 910 805 epistula:

134 853 140 906 j
233 841 304 905 Hae
329 862 388 925 ego
411 843 438 906 si
462 842 634 926 eompellor
655 842 813 927 imagine,
839 845 955 906 cuneta
977 841 1124 926 resigno,

234 984 293 1028 nee
316 987 457 1028 somnam
480 963 582 1048 plebis
604 965 699 1028 laudo
724 968 811 1028 satur
835 963 972 1028 altilium
996 985 1054 1027 neo

235 1085 301 1147 oea
324 1055 443 1148 erasis
466 1085 610 1149 Arabum
633 1084 796 1148 uberrima
819 1089 918 1148 mue.

162 1233 167 1242 ·
190 1204 313 1289 Operae
336 1206 472 1290 pretium
499 1210 547 1269 est
569 1207 685 1283 videre,
711 1210 868 1290 quantum
889 1206 1029 1271 laborem
1050 1207 1086 1268 in
1106 1228 1165 1269 ex·-

190 1325 338 1409 plieando
368 1348 479 1404 versu,
513 1327 568 1411 qui
599 1349 638 1390 ex
668 1327 771 1391 tribus
800 1332 848 1391 est
879 1327 1019 1404 medius,
1044 1325 1161 1390 frustra

190 1447 406 1530 impenderint
449 1449 601 1527 editores,
644 1449 679 1512 in
688 1448 700 1520 s
719 1448 770 1513 his
806 1449 866 1513 viri
901 1448 1103 1532 sagacissimi·
1130 1451 1162 1512 et

191 1567 437 1652 elegantissimi,
469 1571 725 1634 Doederleinium
757 1572 844 1648 dieo,
876 1570 1099 1636 Heindorfinm
1131 1575 1164 1634 et

192 1688 389 1753 Teuffelium.
433 1688 512 1756 Non
555 1692 615 1755 sibi
658 1695 778 1776 opponi
815 1715 907 1778 posse
942 1714 1090 1757 somnum
1131 1696 1165 1756 et

194 1809 295 1873 altilia
327 1811 447 1894 optime
470 1813 631 1896 perspexit
654 1813 725 1886 Th„
739 1814 831 1896 Koek
854 1815 888 1877 in
907 1814 1033 1891 libelle,
1052 1836 1162 1898 quem,

193 1933 411 2006 σεμνυνόμενος
452 1937 489 1996 ut
522 1935 657 2011 videtur,
694 1935 777 1999 Vero
813 1935 936 2000 Similia
970 1936 1160 2020 appellavit,

194 2077 225 2137 p.
251 2055 325 2118 269.
363 2053 510 2119 Ostendit
534 2057 731 2120 emendando
754 2057 859 2122 versui
883 2057 967 2120 viam
990 2057 1162 2122 munivisse

195 2174 364 2255 Orellium,
389 2199 461 2240 eum
480 2177 613 2240 diceret:
638 2201 732 2261 „nam
750 2200 816 2242 non
836 2182 906 2242 tum
925 2180 1068 2255 demum,
1088 2200 1159 2242 eum

194 2299 375 2364 satureum
398 2269 546 2382 glirium,
571 2298 715 2383 leporum
739 2303 798 2363 ete.
824 2299 901 2364 dieis
925 2322 1018 2364 eausa
1037 2301 1164 2364 laudare

177 2421 281 2484 'soleo
305 2419 480 2504 simplicem
504 2419 695 2484 rusticorum
718 2420 850 2485 vitaml’
883 2419 1054 2484 Verissime
1078 2421 1164 2484 enim

194 2541 278 2604 vitae
307 2541 413 2604 lautae
445 2563 482 2605 ao
509 2531 805 2625 delieatae'opponi
828 2540 1004 2624 simplicem
1026 2541 1162 2606 rustioo·

195 2685 266 2724 rum
285 2662 394 2726 vitam.
434 2663 564 2746 ltaque,
584 2662 699 2726 litteris
714 2663 828 2726 leviter
846 2662 1066 2746 transpositis,
1087 2663 1166 2728 sori-

195 2783 337 2847 bendum
360 2806 444 2848 esse:

241 2904 310 2970 Nee
332 2929 469 2970 mensam
493 2906 594 2990 plebis
616 2907 710 2970 leudo
735 2909 823 2970 satur
846 2906 1003 2981 altilium,
1029 2927 1097 2970 neo.
1188 2995 1191 3002 ⁴

196 3025 266 3090 Hoc
296 3026 351 3091 ille
374 3033 468 3092 vocat
489 3028 601 3093 leviter
625 3030 841 3111 transponere.
889 3025 951 3091 Sed
975 3027 1165 3111 palaeogra-

103 3229 105 3235 γ
196 3149 308 3232 phieee
331 3149 470 3213 rationes
495 3170 561 3213 nen
582 3171 632 3212 me
653 3148 843 3225 retinerent,
865 3148 1035 3232 quominus
1055 3152 1167 3232 gratus

198 3273 451 3335 emendationem
481 3269 672 3354 acciperem,
704 3270 731 3334 si
754 3291 828 3334 vera
851 3291 917 3334 esso
940 3272 1055 3353 posset.
1082 3268 1166 3334 'sed

198 3413 256 3454 nee
287 3413 396 3454 verum
428 3397 557 3454 estnec
580 3412 654 3455 vero
678 3390 796 3468 simile,
821 3390 991 3455 Horatium
1014 3390 1061 3453 ita
1084 3390 1165 3454 sori-

198 3512 271 3576 bere
292 3512 442 3595 potuisse.
491 3509 623 3576 Subtilis
648 3511 733 3576 enim
757 3516 805 3576 est
823 3513 857 3575 in
878 3511 1014 3587 talibus,
1035 3511 1167 3576 eonoin·
