2562 4132
309 373 519 432 ΑΛΗΘΟΎΣ
544 372 751 430 ιΣΤοΡιΑΣ
777 375 817 430 A.
1001 363 1043 432 67

88 561 178 632 νῆσον,
195 555 347 652 λαμπρῶν
364 555 416 621 καί
438 528 617 637 σφαιροειδῆ
631 554 683 618 καί
696 547 777 637 φωτί
792 551 927 634 μεγιίλῳ
941 577 1043 618 κατα-

87 679 304 756 λαμπομένην·
331 677 584 759 προσενεχθέντες
611 676 637 741 δ’
662 677 744 758 αὐτῇ
769 676 821 741 καὶ
847 674 1044 756 ίρμισοίμειοι

87 796 259 878 οίπίβημευ,
284 801 519 871 ἐπισκοποῦντες
544 797 574 862 δὲ
599 799 653 873 την
677 796 780 878 χῶραν
803 796 978 876 εὑρίσκομεν
1005 797 1043 861 οί-

86 919 227 997 κουμένην
259 922 371 986 τεκαὶ
396 918 639 1002 γεωργουμένην.
667 919 783 998 ἡμέρας
807 917 864 996 μὲν
889 915 937 983 οὖν
963 916 1044 982 οὐδὲν

86 1039 207 1106 αύτίθεν
232 1042 438 1122 καθεωρῶμεν,
463 1041 568 1112 νυκτὸς
588 1040 616 1106 δ’
641 1038 858 1118 ἐπιγενομένης
884 1039 1043 1120 ἐφαίνοντο

87 1161 219 1236 ἡμῖνκαὶ
235 1160 336 1228 ίιλλαι
349 1161 465 1227 πολλαί
479 1171 558 1236 νῆσοι
572 1163 719 1237 πλησίον,
734 1159 766 1225 αί
779 1161 835 1238 μὲν
850 1159 990 1242 μείζους,
1010 1162 1044 1224 οιί

85 1279 113 1344 δὲ
132 1282 326 1364 μικρότεραι,
340 1267 409 1363 πυρί
423 1285 477 1358 την
490 1282 588 1362 χρθαν
601 1289 806 1362 προσεοικυῖαι
821 1332 829 1359 ,
845 1280 898 1346 καὶ
914 1280 998 1355 ῶλλη
1012 1279 1044 1346 δέ

85 1425 127 1474 τις
139 1415 181 1482 γη
195 1406 282 1471 κοίτω
296 1408 347 1471 καί
362 1405 467 1478 πόλεις
481 1407 511 1498 ξι
525 1405 605 1487 αὐτῇ
618 1405 671 1468 καὶ
685 1405 846 1482 ποταμοὺς
860 1400 978 1485 ἔχουσα
991 1403 1042 1468 καί

86 1528 208 1606 πελοίγη
233 1527 286 1592 καί
309 1524 386 1600 ύλας
407 1551 459 1592 και
450 1524 540 1606 θρη.
563 1525 681 1599 ταύτην
694 1523 741 1592 οὖν
755 1549 810 1598 την
823 1526 922 1588 καθ’
896 1527 989 1602 ημῶς
1004 1525 1043 1589 οί-

86 1647 226 1724 κουμενην
241 1647 412 1728 είκοίζομευ.
429 1647 480 1712 ll.
495 1645 625 1723 δύξανδ
640 1671 712 1726 ημιν
725 1645 830 1733 [και]
831 1670 860 1710 τι
874 1646 1044 1728 πορρωτέρω

86 1770 247 1846 προελθεῖν,
273 1739 429 1851 ξυνελύφθ
432 1791 509 1843 ημεν
531 1777 594 1844 τοῖς
613 1768 817 1846 Ιππογύποις
839 1770 912 1849 παρ’
938 1769 1042 1839 αὐτοις

87 1890 325 1969 καλουμένοις’
305 1890 555 1965 απαντήσαντες.
582 1891 607 1954 οί
630 1889 657 1953 δ’
678 1884 1044 1967 Ιππθγυποιούτοίείσιν

86 2005 183 2090 ἄνδρες
209 2011 260 2076 ἐπί
286 2017 394 2089 γυπῶν
412 2008 563 2089 μεγοίλων
585 2009 745 2090 ὀχούμενοι
767 2008 819 2073 καί
840 2009 980 2089 καθοίπερ
994 2005 1043 2073 ίπ-

88 2151 147 2202 ποις
166 2140 230 2205 τοῖς
253 2130 357 2211 ύρνίοις
378 2131 547 2212 χρώμενοι·
573 2128 710 2208 μεγοίλοι
732 2130 794 2209 γίιρ
815 2117 841 2194 οἱ
865 2135 966 2206 γῦπες
992 2128 1043 2208 καί

57 2325 58 2330 ,
87 2249 121 2321 θι
143 2254 260 2319 ε’πίπαυ
284 2253 477 2336 τρικέφαλοι.
504 2251 595 2330 μοίθοι
615 2251 641 2315 δ’
662 2249 700 2315 ῶν
720 2275 766 2323 τις
787 2251 821 2316 τί
843 2250 1043 2329 μίγεθοςαῶ-

85 2377 136 2435 τῶν
154 2375 312 2440 ἐντεῦθεν·
331 2376 401 2446 νεὼς
423 2374 485 2454 γοδρ
499 2373 646 2452 μεγοίλης
660 2353 801 2455 Φορτίδος
816 2373 900 2437 ίστοῶ
913 2369 1044 2436 ἕκαστον

85 2497 136 2556 τῶν
156 2501 273 2578 πτερῶν
295 2494 479 2577 μακρότερον
501 2495 552 2561 καί
576 2496 753 2575 παχύτερον
779 2493 901 2577 Φύουσι.
929 2494 1044 2568 τούτοις

85 2607 128 2676 οὖν
151 2626 214 2688 τοῖς
236 2618 440 2696 Ἱππογύποις
462 2617 690 2696 προστέτακται
717 2615 964 2695 περιπετομένοις
989 2617 1043 2691 την

14 2719 17 2728 ¹
84 2741 188 2813 γῶν,ε
174 2739 270 2811 είτις
294 2715 421 2820 εὑρεθεηί
441 2737 540 2818 ξένος,
562 2737 692 2817 ῶνοίγειι
713 2741 752 2810 ῶς
773 2735 1042 2816 τδυβασιλίακαδ

86 2850 116 2929 δη
137 2859 230 2923 καί
214 2865 298 2938 ημῶς
318 2859 566 2940 σνλλαβύντες’
546 2861 716 2938 ανοίγουσιν
727 2863 767 2934 ῶς
781 2858 885 2968 αύτύυ
905 2859 962 2924 οδε
976 2861 1044 2924 θεα·

86 2975 212 3054 σύμενος
225 2981 313 3047 κα)’
293 3005 340 3046 απ
343 2980 482 3068 δ[τηςθ’
469 3005 522 3053 εας
535 2980 603 3066 καί]
618 2987 673 3054 τῆς
687 2957 798 3054 στολης
811 2960 953 3065 είκοίσας,
962 2979 1042 3045 “·Ελ

85 3097 214 3171 θύνει
192 3101 253 3182 αρ’,
275 3101 356 3184 ἔφη,
378 3127 527 3178 υμεις
476 3151 484 3179 ,
507 3099 643 3179 ῶξὲνοι·
635 3100 897 3187 συμφησαντιον
910 3099 960 3179 δε
973 3107 1042 3172 Πῶς

86 3211 131 3279 σύν
153 3221 316 3302 ἀφίκεσθε,
337 3220 409 3305 ἔφη,
432 3227 574 3287 τοσοῦτον
595 3222 672 3302 οίίρα
687 3220 853 3294 διελθόντες
863 3242 871 3300 ;
887 3221 938 3285 καί
954 3224 1041 3299 ἡμεῖς

86 3336 117 3401 τί
142 3327 203 3438 πῶν
228 3345 312 3424 αὐτῷ
333 3343 541 3422 διηγούμεθα·
563 3343 614 3408 καί
633 3334 663 3415 ῶς
676 3340 846 3424 οίρξοίμενος
860 3341 894 3406 τὸ
908 3345 976 3406 καθ’
990 3343 1044 3406 αὖ·

87 3457 134 3522 τὸν
158 3463 229 3540 ἡμῖν
250 3465 378 3548 διεξῄει,
399 3467 438 3537 ῶς
463 3466 514 3529 καί
540 3467 631 3538 αὐτὸς
657 3462 806 3545 ἄνθρωπος
828 3465 874 3542 ῶν,
907 3463 1041 3541 τοῦνομα

87 3577 259 3672 Ἐνδυμίων,
276 3587 338 3651 ῶπθ
357 3593 412 3661 πῶς
427 3585 578 3667 ἡμετέρας
592 3594 652 3665 γῆς
666 3587 816 3651 καθεύδων
830 3587 1037 3666 οίναρπασθείη
