2562 4132
653 389 771 434 LXXXII

218 563 261 625 ad
291 560 323 624 h.
348 559 369 622 l.
403 558 570 623 annotatio
602 559 635 622 et
657 557 820 642 Zieglerus
843 558 891 622 l.l.
914 581 946 642 p.
974 559 1025 622 11.
1053 595 1095 606 -
1121 556 1189 622 ύπί-

227 684 311 746 ύανον
335 679 439 758 λε’χεις
464 677 602 750 κλέπτην
626 680 676 744 τὸν
701 681 814 758 Ἑρμῆν
839 679 932 742 αύτδι
955 681 1029 743 ὄντα
1053 688 1116 750 τοῖς
1142 676 1193 743 ἄλ·

224 819 286 875 λοις
311 803 431 883 clausa
454 807 522 866 τοῦ
547 802 728 876 τοιούτου
755 839 795 848 -
821 803 906 886 quod
931 803 1071 886 expunxi
1097 823 1135 866 ex
1153 799 1193 865 eis
1267 829 1268 832 ¹

221 929 269 989 est
298 923 559 1009 pronominibus,
593 944 674 1006 quae
704 921 882 986 fulciendae
915 922 1035 987 scilicet
1062 917 1193 987 sentcn-

221 1047 284 1110 tiae
314 1045 437 1109 librarii
470 1044 575 1109 solent
604 1044 817 1128 interponere.
844 1081 885 1092 —-
911 1044 948 1115 ὡς
976 1047 1019 1119 μὴ
1043 1045 1191 1123 χωλεύοις

221 1167 286 1232 διὰ
322 1167 444 1242 θάτερον
481 1172 535 1238 τῆς
572 1167 659 1243 cepae
695 1165 782 1242 μέρος
822 1202 864 1213 -
902 1164 1097 1238 Fritzschius
1132 1165 1194 1230 διὰ
1268 1195 1269 1212 2

222 1296 342 1354 τοῦτο
367 1288 509 1368 ύούτεροο,
534 1287 716 1371 Madvigius
738 1287 773 1352 in
796 1284 879 1351 Δύο.
905 1284 956 1351 Or.
981 1309 1013 1372 p.
1040 1289 1107 1352 695
1132 1311 1194 1367 χω-

222 1411 318 1475 λεύοι
358 1434 413 1475 σοι
459 1408 598 1486 saraae,
641 1408 761 1471 frustra
795 1411 936 1491 uterque.
996 1407 1145 1473 Proxime
1178 1429 1195 1470 a

222 1553 295 1598 vcro
330 1531 422 1595 abest
457 1529 619 1606 Roscius,
655 1529 711 1612 qui
746 1529 883 1593 coniecit
917 1531 954 1600 ως
980 1531 1023 1605 μὴ
1049 1531 1194 1610 χωλεύοις

223 1653 262 1725 δὴ
307 1650 437 1728 eseam.
499 1649 617 1715 Veram
659 1649 829 1713 lectionem
861 1649 962 1714 offert
997 1649 1193 1727 Marcianus,

220 1778 260 1845 ὡς
295 1775 339 1849 μὴ
377 1772 526 1854 χωλεύοις
564 1771 685 1848 saveia
720 1795 750 1834 τ.
789 1775 846 1851 adp.
884 1771 983 1850 μέρος.
1028 1769 1076 1836 Of.
1114 1772 1194 1836 Her·

222 1897 387 1960 werdenus
421 1894 456 1958 in
489 1892 576 1957 Plut.
601 1893 634 1956 et
657 1881 789 1956 Lucian.
814 1915 846 1978 p.
874 1893 925 1956 78.
953 1930 994 1940 -
1030 1894 1082 1956 29.
1121 1895 1195 1956 ύια-

222 2018 452 2082 πεοιέταοται.
501 2053 542 2064 -
587 2015 603 2088 ἡ
649 2013 722 2090 ύύρα
758 2051 802 2062 -
838 2012 1098 2078 ἀναπέπταται
1136 2011 1195 2079 (lo-

221 2139 324 2202 betus.
350 2174 392 2186 -
427 2135 500 2216 πρὸς
533 2135 678 2213 ἀμαυράν
712 2159 754 2198 τε
786 2135 837 2197 καὶ
873 2135 1010 2212 διψῶσαν
1042 2139 1098 2206 τὴν
1132 2136 1195 2215 dpu-

223 2258 340 2323 αλλύδα
366 2296 406 2306 -
433 2258 574 2340 praesint
592 2255 737 2339 ¹fortasse
759 2281 810 2332 γε.
837 2295 878 2304 -
904 2257 955 2320 καὶ
981 2256 1074 2327 οὐδεὶς
1101 2254 1193 2326 ύλωι

223 2377 305 2445 εἶδεν
341 2416 383 2427 -
419 2398 478 2461 pro
515 2371 606 2449 ὅλως,
647 2379 758 2441 contra
793 2375 987 2442 Gorlicensis
1022 2377 1193 2443 auctorita-
1271 2413 1272 2416 ι

223 2503 303 2577 tem,
346 2521 363 2563 e
405 2497 622 2581 compluribus
662 2497 752 2562 libris
788 2499 960 2582 legendum
996 2500 1044 2563 est
1077 2496 1191 2573 ύλλος;

223 2617 305 2687 εἶδεν
342 2621 377 2684 in
417 2617 499 2684 οἶδεν
539 2621 663 2684 mutare
700 2618 822 2703 placuit
857 2619 1002 2697 Nebero;
1039 2620 1093 2684 sed
1129 2641 1192 2684 non

223 2765 303 2827 opus
326 2745 385 2807 est.
424 2739 641 2828 (Contrarium
664 2741 778 2805 vitium
804 2743 989 2824 pessumdat
1000 2739 1083 2806 Dial.
1097 2741 1191 2807 Mort.

225 2865 255 2928 7.
293 2865 326 2926 l:
365 2862 416 2926 οδω
453 2861 614 2945 πλούσιοι,
651 2855 671 2943 ᾧ
708 2886 742 2924 οε
774 2863 881 2926 πολλοὶ
915 2863 1022 2944 ᾔδειν
1054 2862 1190 2928 σοιύοτα.

223 2985 425 3070 Requiritnr,
447 2985 556 3061 credo,
577 2978 698 3055 εἴδοις
722 2985 821 3048 codex
840 2981 1004 3048 Parisinus
1025 2996 1051 3048 Δ
1065 2985 1192 3068 praebet
1271 2981 1272 2984 ’

224 3106 351 3172 σονύντα
373 3105 491 3190 ἑώρων.)
513 3143 553 3151 -
576 3103 667 3178 velada
692 3099 770 3167 οὗτοι
795 3104 934 3166 σπαύῶοι
962 3105 1191 3190 --legendum

216 3249 290 3306 esse
321 3223 400 3291 ούτοι
426 3226 565 3289 σπαθῶσι
589 3223 698 3301 adad,
724 3226 761 3287 ut
783 3223 925 3288 senarius
949 3225 1061 3291 comici
1083 3230 1191 3311 poetae

225 3349 334 3425 exeat,
362 3347 426 3411 iam
457 3344 566 3408 docuit
594 3343 853 3408 Valckenaerius.
878 3381 922 3393 -
947 3345 1031 3410 δέδια
1054 3352 1128 3424 γοῦν
1149 3345 1190 3423 at
1271 3413 1272 3434 2

224 3493 271 3540 τις
296 3464 449 3546 ὑπορύξας
473 3466 523 3529 τδι
546 3471 652 3544 τοῖχοι
677 3463 833 3542 ὑφέληται
858 3464 964 3531 αὐτοὶ
987 3503 1027 3514 -
1052 3467 1190 3532 additum
1271 3509 1272 3512 =

151 3669 154 3675 Ι
225 3607 337 3652 censeo
368 3606 546 3671 pronomen
575 3585 616 3648 ob
647 3588 781 3649 eandem
811 3608 938 3652 causam
968 3609 1063 3671 quam
1087 3585 1191 3673 aperui

1270 3545 1272 3676 l

1270 3683 1272 3750 l

1270 3753 1272 3802 ι
