2562 4132
241 330 285 394 52
593 336 848 396 ΑΟΎΚΙΛΝΟΤ

241 517 358 590 πάντες
377 515 480 582 ίσασιν
502 512 581 589 ὅπως
596 516 762 596 ἠγάπησα,
776 518 917 591 ἐδήλωσα
929 516 955 580 δ’
967 512 1008 591 οίς
1022 518 1089 598 περὶ
1104 519 1195 592 αὐτην
1263 515 1264 532 ’

240 637 363 719 ἔπραξα
388 640 419 702 οὐ
445 635 545 718 ζῶσαν
569 636 677 716 μόνον,
694 639 778 722 μέλλ’
802 639 869 712 ἐπεὶ
893 637 945 704 καὶ
969 637 1125 712 άτίίανε,
1149 641 1195 705 τίν

242 785 278 824 τε
310 759 423 837 κόσμον
453 756 583 824 άταντα
615 759 887 838 συγκατακαύσας
913 759 965 824 καί
989 760 1044 833 την
1068 761 1193 836 έσάῆτιι,

241 877 260 964 ᾖ
283 879 365 961 ζῶσα
396 878 529 960 ἔχαιρεν.
555 879 673 964 ἑβδόμη
699 879 729 944 δέ
753 881 839 958 μετά
862 882 918 955 την
941 880 1089 953 τελευτάν
1104 881 1196 964 ἡμέρη
1264 919 1265 922 =

239 1002 302 1081 ἐγὼ
333 1001 390 1079 μέν
420 1001 554 1066 ἐνταῦθα
582 1001 632 1066 ἐστὶ
665 1009 720 1075 τῆς
751 1005 853 1078 κλίνης
878 999 976 1083 ίίστερ
1001 1007 1051 1066 νῦν
1075 1003 1195 1080 έκείμην

241 1123 515 1203 παραμυθούμενος
539 1121 576 1187 τά
601 1124 666 1209 [γε]
692 1123 812 1195 πένθος·
833 1124 1061 1202 ἀνεγίγνωσκον
1078 1125 1145 1203 γάρ
1168 1124 1196 1186 τὸ

241 1245 307 1324 περὶ
333 1249 441 1323 ψυχῆς
466 1249 520 1310 τοῦ
541 1244 706 1340 Πλάτωνος
725 1243 852 1322 βιβλίον
867 1245 918 1325 ἐφ’
932 1245 1084 1324 ἡσυχίας·
1102 1247 1197 1310 ἕτειο-
1265 1247 1266 1254 ’

241 1365 369 1446 ε’ρχεται
390 1366 421 1430 δὲ
439 1362 562 1441 μεταξὺ
584 1367 600 1439 η
615 1365 795 1441 Δημαινέτη
808 1366 889 1440 αὕτη
902 1365 997 1438 έκείνη
1011 1366 1064 1429 καὶ
1079 1364 1197 1437 καίίζε·

241 1511 295 1551 ται
319 1487 449 1560 πλησίον
473 1482 563 1566 οὗπερ
588 1491 637 1550 νῦν
661 1487 851 1565 Εὐκρατίδης
877 1486 995 1563 οὑτοσί,
1019 1484 1128 1560 δείξας
1152 1487 1198 1550 τὸν

241 1605 379 1688 ’νεώτερον
410 1615 468 1673 τῶν
500 1607 600 1673 υἱέων·
626 1609 639 1673 δ
664 1606 689 1672 δ’
715 1609 831 1673 αὐτίκα
854 1606 959 1689 ἔφριξε
982 1608 1076 1685 μάλα
1103 1607 1198 1672 παιδι-

242 1733 317 1812 κῶς,
341 1729 393 1792 καί
418 1726 520 1794 τάλαι
547 1728 601 1804 ἤδη
622 1728 718 1809 άχρδς
741 1728 779 1793 ὢν
804 1728 876 1809 πρὸς
889 1729 943 1806 την
953 1728 1107 1811 διήγησιν.
1122 1728 1198 1806 Ὲγιδ

243 1848 286 1934 δ’,
310 1846 329 1925 ἦ
353 1848 379 1913 δ’
404 1849 434 1921 ὃς
459 1852 473 1915 δ
497 1849 677 1929 Εὐκράτης,
711 1852 748 1922 ὥς
782 1845 863 1915 εἶδον
894 1849 1098 1929 τεριτλακεδς
1124 1851 1197 1928 αὐτῇ

242 1970 383 2051 ἐδάκρυον
407 1971 629 2044 άνακυκιίσοις·
655 1972 672 2046 η
697 1970 724 2036 δ’
749 1972 802 2036 οὐκ
826 1969 873 2036 εία
894 1970 986 2049 βοάν,
1004 1970 1077 2035 άλλ’
1094 1969 1198 2051 η’ντιάτί

243 2116 301 2171 με,
341 2087 387 2157 ὅτι
427 2091 538 2158 τάλλα
577 2091 684 2157 στάντα
718 2092 929 2172 χαρισάμενος
962 2093 1054 2172 αὐτη
1079 2091 1198 2170 ίάτερον

242 2221 306 2278 τοῖν
326 2212 488 2278 σανδάλοιν
501 2221 626 2295 χρυσοῖν
638 2213 731 2278 άντοιν
745 2213 777 2278 οὐ
791 2212 1114 2296 συγκατακαύσαιμι,
1128 2208 1197 2278 εἶναι

242 2334 269 2399 δ’
301 2336 377 2400 αὐτὸ
402 2332 524 2415 ἔφασκε
548 2335 728 2413 παραπεσὸν
757 2334 816 2399 ὑτδ
846 2343 884 2415 τῇ
909 2332 1048 2414 κιβωτῷ,
1075 2333 1129 2398 καὶ
1154 2331 1199 2397 διά

243 2460 331 2520 τοῦτο
365 2457 454 2532 ἡμεῖς
488 2456 548 2537 οὐχ
577 2455 712 2534 εὑρόντες
745 2454 867 2535 θάτερον
899 2451 988 2531 μόνον
1013 2454 1197 2533 έκαιίσαμεν.

243 2574 288 2641 ἔτι
319 2576 386 2641 δ’ε
370 2585 452 2654 ημῶν
485 2577 710 2656 διαλεγομένων
742 2573 920 2654 κατάρατόν
905 2599 970 2640 ντι
995 2573 1160 2640 κυνίδιον·
1146 2596 1199 2638 υτο

184 2749 189 2756 .
243 2707 282 2779 τη
307 2697 395 2777 κλίνη
418 2721 448 2762 ον
472 2705 645 2764 Μελιταιον
671 2695 862 2774 ὑλάκτησεν,
884 2693 950 2771 ηδ’
965 2695 1184 2775 ηΦανίσίηο
1131 2717 1197 2775 τροι

242 2841 297 2894 την
330 2817 467 2892 ὑλακήν·
499 2819 533 2883 τδ
564 2818 667 2896 μέντοι
696 2816 859 2883 σανδάλιον
890 2816 1029 2897 ευρέίη“
1016 2817 1073 2882 υτδ
1097 2827 1136 2897 τη
1160 2837 1197 2878 κι-
1267 2777 1269 2880 ί

241 2939 332 3020 βωτῷ
357 2963 410 3004 και
432 2938 651 3014 κατεκαίίη”
634 2963 766 3020 υστερον.
797 2938 851 3005 28.
877 2937 960 3004 έτ”
939 2947 1082 3005 ατιστειν
1096 2940 1197 3004 τοοιοιί

242 3085 323 3140 τοις,
349 3058 371 3127 ὦ
395 3061 563 3148 Τυχιάδη,
587 3060 671 3139 άξιον
695 3061 852 3142 ἐναργέσιν
876 3054 939 3125 οὖσι
960 3059 1096 3124 καίκαά
1115 3059 1196 3124 ἑκάσ-

242 3208 297 3258 την
321 3184 376 3260 την
400 3183 516 3263 ἡμέραν
540 3184 753 3266 Φαινομένοις;
781 3181 842 3248 Μά
862 3182 926 3258 Δί’,
948 3177 981 3256 ἦν
995 3180 1023 3245 δ’
1037 3181 1116 3259 ε’γά·
1137 3181 1195 3244 έτεί

242 3304 387 3386 σανδάλῳ
422 3329 461 3384 γε
492 3306 596 3386 χρυσῷ
630 3306 660 3378 ἐς
687 3305 745 3378 τάς
773 3303 888 3388 σινγάς1
904 3301 1003 3383 ὥσπερ
1026 3305 1070 3368 τά
1094 3302 1196 3370 ταιδία

243 3427 389 3492 σαίεσίαι
414 3425 492 3504 άξιοι
518 3426 556 3493 άν
581 3422 640 3492 εἷεν
659 3427 684 3492 οί
703 3427 904 3498 άτιστοῦντες
922 3425 975 3492 καί
1000 3424 1094 3500 οὕτως
1118 3421 1196 3490 άναι-

242 3551 445 3627 σχνντοῦντες
472 3547 545 3630 σρδς
569 3551 624 3622 την
647 3547 808 3623 άλάάειαν.
