2594 4128
230 329 294 398 120
579 291 860 396 marmor
955 349 977 383 .·,

228 519 392 600 ἔμπροσθεν
404 517 585 605 (φανέντα),
599 517 651 584 οὐκ
664 512 721 583 οἶδ’
733 518 873 598 ὁπότερον
885 516 923 583 άν
936 519 1077 596 ἑλοίμην·
1091 513 1189 588 οθπιος

227 640 357 722 άδελφά
375 640 511 717 ἡγοῦμαι
524 640 566 704 τά
579 640 622 704 σά
635 647 697 712 τοῖς
712 639 841 715 ἡδίστοις
859 637 1014 727 [φανεῖσι]
1029 638 1079 704 καί
1095 639 1123 702 ἒν
1136 635 1190 718 ἴση

228 773 303 845 τιμῇ
318 764 401 838 ὑμᾶς
413 760 482 839 άγιο
496 760 531 825 σε’
543 785 578 826 τε
591 761 644 825 καί
657 761 691 825 πδ
705 760 913 836 πολυτίμητον
927 758 1073 825 ἐνύπνιον.

273 892 401 949 ΑΛΕΚ.
422 887 495 948 Ἔτι
520 883 583 961 γάρ
607 883 645 948 σὺ
669 881 884 964 άναπεμπάζη
907 881 958 946 τόν
979 879 1083 961 ὄνειρον
1103 876 1189 952 ὅστις

229 1029 304 1078 ποτε
325 1006 338 1068 ὃ
358 1006 470 1084 φανείς
489 1026 532 1068 σοι
547 1000 579 1078 ἦν
594 1003 648 1068 καί
660 1025 729 1068 τινα
742 1001 925 1080 ἰνδάλματα
937 1001 1189 1088 μάταιαιδιαφν-

229 1126 376 1202 λάπτεις,
395 1128 480 1200 κονίην
501 1126 553 1190 καί
574 1128 612 1197 ὡς
634 1124 820 1198 όποιητικὸς
843 1125 935 1202 λόγος
956 1124 1107 1201 άμενηνάν
1120 1145 1189 1188 τινα

197 1310 200 1320 ,
229 1248 424 1324 εὐδαιμονίαν
436 1256 474 1327 τη
487 1250 594 1332 μνήμη
607 1243 818 1323 μεταδιώκωνς
919 1307 924 1328 ,-

275 1367 307 1433 6.
334 1376 422 1432 MIK.
449 1367 542 1433 Ἀλλ’
562 1368 623 1432 οὐδ“
647 1369 839 1455 ἐπιλήσομαί
859 1367 929 1433 ποτ’
954 1365 975 1431 ὦ
997 1367 1187 1446 άλεκτρνάν,

229 1486 343 1554 εὗ.ίσθι
369 1499 423 1564 της
447 1487 544 1568 ὄψεως
569 1489 703 1564 ἐκείνης·
727 1487 801 1554 οὕτω
827 1512 878 1566 μοι
903 1490 981 1554 πολὺ
1007 1488 1041 1552 πό
1066 1488 1139 1566 μόλι
1159 1488 1190 1551 ἐν

228 1619 291 1680 τοῖς
317 1612 490 1690 ὀφθαλμοῖς
516 1608 529 1672 θ
554 1607 658 1687 ὄνειρος
682 1609 867 1676 καταλιπὼν
891 1609 1010 1692 ᾤχετο,
1034 1612 1071 1682 ὡς
1096 1610 1189 1686 μόγις

230 1731 362 1805 άνοίγειν
385 1731 426 1792 τά
451 1727 603 1810 βλέφαρον
630 1733 681 1794 ὑπ’
706 1733 802 1796 αὐτοῦ
823 1733 853 1804 ἐς
879 1728 967 1796 ὕπνον
989 1720 1190 1803 αὖθιςκατα·

230 1849 390 1928 σπιθμενα.
404 1844 460 1915 οίον
477 1856 551 1929 γοῦν
564 1851 594 1914 ἐν
606 1859 668 1923 τοῖς
683 1853 735 1916 ὠσί
748 1854 791 1916 τά
803 1853 903 1933 πτερά
918 1851 1086 1932 ἐργάζεται
1103 1877 1190 1930 στρε·

232 1972 356 2055 φόμενα
364 2021 372 2050 ,
388 1977 519 2036 τοιοῦτον
531 1971 696 2053 γάργαλον
710 1972 845 2054 παρεῖχέ
859 1995 910 2049 μοι
923 1973 966 2037 τά
980 1972 1127 2050 όράμενα.

276 2105 401 2160 ΑΛΕΚ.
428 2095 608 2173 Ἡράκλεις,
634 2096 725 2160 δεινόν
750 2119 819 2159 τινα
844 2097 906 2174 φης
931 2095 982 2160 τὸν
1003 2094 1100 2174 ἔρωτα
1122 2098 1192 2181 [τοῦ

228 2217 392 2302 ἐννπνίον],
413 2216 441 2280 εί
459 2239 498 2293 γε
521 2221 631 2292 πτηνὸς
652 2218 700 2299 θίν,
721 2214 757 2288 θίς
776 2225 878 2297 φασι,
894 2215 1116 2304 (όθνειρος)καὶ
1131 2212 1193 2298 θρον

230 2336 308 2418 ἔχων
334 2347 388 2411 της
414 2338 563 2412 πτήσεως,
579 2338 630 2402 τόν
652 2334 752 2423 ὕπνον,
775 2340 846 2417 ὑπὲρ
867 2339 910 2404 τά
932 2339 1118 2416 ἐσκαμμένα
1139 2339 1193 2415 ἤδη

232 2461 315 2543 πηδᾷ
336 2462 389 2523 καὶ
411 2459 593 2537 ἐνδιατρίβει
615 2461 764 2541 άνεῳγόοι
780 2469 841 2533 τοῖς
855 2461 1029 2540 ὀφθαλμοῖς
1042 2461 1194 2542 μελιχρὸς

230 2579 307 2647 οὕτω
329 2583 380 2645 καί
403 2583 532 2661 eumin
556 2583 760 2664 φαινόμενος·
783 2580 873 2648 ἐθίλα
895 2587 969 2660 γοῦν
989 2586 1120 2648 οἰκοῦσαι
1134 2579 1195 2658 οίός

233 2704 279 2773 τίς
301 2705 382 2766 ἐστιν
402 2701 477 2768 οὕτω
498 2727 542 2767 σοι
566 2703 742 2783 τριπόθητος
764 2703 811 2768 θν.

277 2833 367 2888 ΜΙΚ.
389 2823 535 2901 Ἕτοιμος
560 2824 683 2902 λέγειν·
710 2824 763 2897 ἡδὺ
789 2829 862 2902 γοῦν
887 2849 937 2902 μοι
960 2827 994 2890 τὸ
1016 2827 1195 2903 μεμνῆσθαι

231 2946 282 3010 καί
297 2943 439 3022 διεξιέναι
454 2945 513 3033 [τι]
531 2946 597 3028 περὶ
611 2947 718 3010 αὐτοῦ.
731 2945 769 3010 σὺ
782 2946 813 3010 δὲ
827 2949 959 3031 πηνίκα,
973 2949 993 3010 ὠ
1007 2947 1195 3032 Πυθαγόρα,

230 3068 361 3150 διηγάση
372 3069 414 3134 τοὶ
428 3067 494 3148 περί
508 3075 565 3132 τῶν
583 3068 788 3147 μεταβολῶνς

279 3200 405 3256 ΑΛΕΚ.
438 3190 583 3254 Ἐπειδόιν
614 3191 669 3268 σθ,
702 3186 723 3254 ὦ
756 3189 899 3274 Μικθλε,
928 3189 1034 3270 παύση
1059 3193 1195 3274 ὀνειράτ-

232 3336 290 3375 τοιν
311 3314 362 3376 καί
387 3314 535 3392 άποψηση
562 3310 625 3374 άπό
649 3318 706 3375 τῶν
724 3310 895 3391 βλεφάρων
919 3311 953 3377 τό
973 3311 1065 3388 μέλι·
1085 3313 1121 3376 τό
1145 3318 1195 3378 νῦν

232 3435 263 3498 δὲ
288 3434 429 3513 πρότερος
454 3434 540 3516 είπθ,
565 3435 602 3504 ιθς
626 3431 714 3509 μάθω
735 3431 797 3498 είτε
821 3433 872 3498 διά
900 3438 957 3497 τῶν
984 3434 1195 3513 ἐλεφαντίνων

237 3562 338 3620 πυλῶν
359 3554 421 3619 είτε
433 3554 484 3619 διά
496 3560 554 3619 τῶν
568 3556 729 3634 κερατίνων
743 3578 787 3620 σοι
801 3555 814 3620 ό
827 3553 933 3636 όνειρος
946 3553 1000 3632 ἧκε
1012 3556 1195 3634 πετόμενος.
