2594 4128
304 351 515 455 λΛΗΘΟΥΣ
540 349 747 408 ΙΣΤΟΡΙΑΣ
771 354 804 408 Β.
973 343 1037 410 Ill

53 539 55 544 ’
80 535 112 608 ἐς,
127 534 181 606 τήν
204 531 366 610 θάλατταν
386 534 443 607 τήν
463 532 567 612 ἑτέραν
587 555 593 569 ·
615 531 666 596 καὶ
688 526 780 604 οὕτως
800 530 969 607 ἐποιοῦμεν.
993 529 1040 594 ἐκ·
1108 526 1111 541 ⁴

80 651 226 748 δήσαντες
247 654 312 735 γάρ
333 654 428 728 αὐτήν
448 643 534 718 κάλω
555 650 701 732 μεγάλου
721 650 772 715 καὶ
793 649 969 722 άνελθθντες
991 649 1040 717 ἐπὶ

80 773 120 837 τά
142 773 245 854 δένδρα
266 774 357 851 μθλις
377 772 687 856 άνιμησάμεθα,καέ
709 773 809 842 θέντες
827 772 877 836 ἐπὶ
892 771 950 836 τῶν
963 767 1039 852 κλά-

79 895 133 960 δων
153 896 351 968 πεσάσαντές
373 920 408 960 τε
425 897 467 960 τά
480 894 566 960 ι’στθα
580 893 720 973 καθάπερ
734 894 763 957 ἐν
771 891 1039 974 θαλάττηέπλέο·

80 1042 134 1092 μεν
158 1022 211 1083 τοῦ
237 1018 350 1096 άνέμου
370 1010 570 1098 προωθοῦντος
594 1001 819 1096 ἐπισυρθμενοι·
840 1013 910 1080 ἐνθοο
930 1014 966 1086 δή
987 1013 1038 1080 καὶ

81 1139 112 1216 τὸ,
140 1140 338 1221 ’Λυσιμάχου
365 1139 434 1227 [τοῦ
456 1139 595 1222 ποιητοῦ]
618 1135 689 1208 έπος
710 1136 858 1212 εἰσῆλθεν,
878 1135 956 1218 φησι
975 1135 1039 1216 γάρ

81 1277 136 1326 που
159 1261 316 1330 κάκεῖνος·

213 1387 319 1445 Τοῖσιν
345 1380 372 1445 δ’
398 1381 532 1456 ὑλήεντα
557 1379 607 1444 διά
632 1378 725 1444 πλέον
749 1377 950 1460 ἐρχομένοισι.

81 1499 130 1564 43.
150 1501 341 1582 βιασάμενοι
364 1501 390 1565 δ’
402 1497 482 1580 ὅμως
505 1504 560 1576 τήν
572 1497 648 1577 ῦλην
662 1483 843 1580 άφικθμεθα
855 1502 885 1572 ἐς
898 1495 933 1564 τθ
947 1495 1022 1580 ὕδωρ
1030 1547 1039 1578 ,

80 1623 127 1686 καὶ
158 1621 257 1688 πάλιν
290 1624 397 1698 θμοθως
426 1624 612 1709 καταθέντες
637 1625 692 1698 τήν
717 1626 790 1687 ναῦν
815 1620 965 1700 ἐπλέομεν
992 1607 1062 1687 διά1

81 1748 206 1827 καθαροῦ
231 1745 283 1811 καὶ
305 1746 452 1826 διαυγοῦς
474 1741 596 1823 ὕδατος,
621 1742 697 1825 άχρι
719 1743 753 1819 δή
770 1740 945 1821 ἐπέστημεν
957 1743 1040 1825 χάσ-

81 1889 155 1941 ματι
167 1868 304 1948 μεγάλῳ
318 1867 351 1932 ἐκ
364 1870 417 1932 τοῦ
432 1863 542 1937 ῦδοοτος
555 1867 714 1937 διεστῶτος
727 1864 934 1956 γεγενημένῳ,
946 1864 1042 1934 καθά·
1094 1885 1096 1898 “

83 2011 132 2067 περ
144 1989 228 2070 ἐντή
241 1997 284 2067 μή
299 1987 454 2059 πολλάκις
469 1987 580 2068 ἐρῶμεν
594 1984 650 2051 ὑπὸ
664 1991 799 2078 σεισμῶν
812 1983 965 2062 γενθμενα
979 1983 1043 2051 δια-

84 2109 278 2188 χωρίσματα.
308 2110 324 2184 ή
348 2107 404 2186 μὲν
424 2103 473 2172 οῦν
493 2111 567 2180 ναῦς
588 2106 777 2172 καθελόντων
798 2106 881 2182 ήμιῦν
899 2106 941 2171 τά
955 2107 1042 2171 ἐστθα

83 2227 111 2290 οῦ
128 2230 237 2313 ῥμδθως
251 2216 324 2303 ἐστη
340 2230 414 2308 παρ’
428 2228 532 2306 θλέγον
545 2228 676 2294 ἐλθοῦσα
689 2226 922 2308 κατενεχθῆναι.
950 2225 1041 2306 ὑπερ·

82 2347 236 2428 κύψαντες
262 2351 290 2415 δ’
312 2351 400 2428 ἡμεῖς
422 2350 556 2429 ἑωρῶμεν
575 2347 670 2433 βάθος
693 2342 758 2415 ὅσον
778 2346 909 2413 σπονδέων
929 2347 1041 2428 χιλίων

82 2470 170 2544 μάλα
192 2471 329 2568 φοβερὸν
346 2471 397 2538 καὶ
412 2467 602 2552 παράδοξον·
627 2470 761 2552 εἱστήκει
774 2469 838 2548 γάρ
850 2469 883 2534 πθ
899 2465 972 2562 ῦδωρ
985 2465 1041 2534 άσ·

81 2614 133 2670 περ
154 2573 396 2674 μεμερισμένον·
423 2589 663 2672 περιβλέποντες
685 2589 713 2655 δ’
728 2591 840 2670 θρῦμεν
856 2563 942 2656 κατά
956 2589 1041 2667 δεξιά

81 2713 111 2776 οῦ
134 2715 216 2780 πάνυ
242 2712 389 2796 πθρρωθεν
413 2711 554 2794 γέφυραν
583 2711 810 2814 ἐπεζευγμένην
835 2707 946 2785 ὕδατος
969 2736 1041 2778 συν-

81 2832 229 2910 άπτοντος
243 2836 285 2901 τά
300 2833 430 2914 πελάγη
445 2833 531 2899 κοντοὶ
544 2833 599 2907 τήν
611 2832 809 2918 ἐπιφάνειαν,
819 2835 854 2898 ἐκ
866 2843 921 2911 τής
936 2833 1041 2915 ἐτέρας

80 2954 237 3032 θαλάττης
258 2957 288 3030 ἐς
308 2957 364 3031 τήν
385 2955 491 3036 ἑτέραν
512 2953 702 3036 διαρρέοντος.
729 2955 978 3037 προσελάσαντες
994 2953 1042 3022 οῦν
1138 2971 1139 2978 ’

80 3086 147 3150 ταῖς
170 3079 289 3150 κώπαις
311 3081 383 3142 κατ’
398 3077 491 3142 ἐκεῖνο
508 3075 746 3159 παρεδράμομεν
758 3076 810 3141 καὶ
823 3077 909 3153 μετά
923 3082 1041 3149 πολλῆς

80 3198 214 3275 άνωνθας
237 3197 435 3306 ἐπεράσαμεν
454 3196 566 3264 οθποτε
578 3197 849 3279 προσδοκήσαντες.
872 3197 930 3264 44.
943 3176 1044 3264 ἐντεῦ-

81 3319 125 3386 θεν
150 3322 235 3400 ήμῖος
257 3321 426 3402 ὑπεδέχετο
447 3316 589 3399 πέλαγθς
608 3345 644 3384 τε
663 3320 807 3400 προσηνὲς
828 3320 879 3384 καὶ
901 3328 987 3396 νήσος
1009 3322 1044 3386 οῦ

81 3440 229 3528 μεγάλη,
253 3443 448 3524 εῦπρθσιτος,
475 3439 705 3519 συνοικουμένη·
730 3439 867 3520 ἐνέμοντο
891 3439 919 3506 δ’
947 3443 1044 3518 αῦπέην

82 3557 179 3646 άνριοι
217 3562 383 3646 άνθρωποι,
415 3562 623 3646 Βουκέφαλοι,
656 3562 772 3643 κέρατα
790 3617 792 3628 ,
807 3559 954 3644 ἔχοντες,
987 3557 1044 3629 οἷον
