2562 4132
316 311 525 392 ΛΛΗΘοτΣ
550 331 755 396 ιΣτοοιΑΣ
779 336 816 391 Α.
1003 321 1046 392 69

93 519 144 588 τῆς
168 515 318 594 στρατιῶς
344 511 420 579 δέκα
443 512 589 595 μυριοόδες
612 513 769 599 ἐγένοντο,
789 513 862 582 ύνευ
874 523 933 581 τῶν
946 540 1048 583 σκευο·

92 633 185 718 Φόρου
206 633 259 700 καὶ
281 640 341 700 τῶν
362 636 581 718 μηχανοποιῶν
594 636 646 700 καὶ
659 640 719 702 τῶν
732 636 831 719 πεζῶν
845 638 897 703 καὶ
911 643 969 703 τῶν
984 638 1049 724 [ξε

91 753 155 842 νυν]
178 755 380 838 συμμύχιυν·
408 757 522 824 τούτων
544 755 572 822 δ’
593 757 824 840 όκτακιτμύριοι
851 759 908 836 μὲν
932 756 1049 836 ἦσανοῐ

91 877 274 955 Ἱππόγυποι
282 927 291 956 ,
308 877 455 958 δισμύριοι
479 877 506 944 δ’
527 879 553 943 οἱ
577 879 628 944 ε’πὶ
649 885 709 944 τῶν
727 879 989 962 Λαχανοπτέρων.
1003 877 1050 962 όρ-

92 1021 148 1064 νεον
166 998 197 1065 δὲ
218 1000 270 1064 καὶ
295 1002 378 1064 τοῦτ’
401 1001 465 1065 ἔστι
479 999 645 1084 μέγιστον,
657 1000 726 1065 ύντὶ
741 1008 799 1068 τῶν
812 1007 928 1083 πτερῶν
941 1001 1049 1085 λαχοό·

91 1142 143 1192 νοις
167 1119 271 1206 πόντρ
296 1121 414 1200 λύσιοι,
438 1121 481 1186 τοὶ
492 1122 519 1187 δ’
532 1121 694 1201 ὠκύπτερα
707 1119 775 1204 ἔχει
790 1122 955 1202 όριδακόνκς
968 1123 1050 1204 Φύλ-

91 1255 150 1314 λοις
162 1240 307 1319 μύλιστα
321 1244 530 1325 προσεοικότα.
555 1243 606 1308 ἐπὶ
619 1244 651 1308 δὲ
664 1245 782 1318 τούτοις
795 1245 821 1308 οἱ
835 1242 1049 1324 Κεγχροβόλοι

93 1362 270 1443 ἒπετύχατο
292 1364 345 1429 καὶ
366 1365 391 1430 οἱ
404 1362 646 1445 Σκοροδομύχοι.
673 1361 761 1439 ἦλθον
783 1362 811 1429 δ’
826 1365 909 1446 αύτῷ
922 1363 974 1428 καὶ
988 1364 1050 1428 ούπό

94 1492 143 1558 τῆς
167 1484 281 1566 όιρκτου
306 1485 493 1572 σύμμαχοι,
527 1488 693 1568 τρισμύριοι
718 1487 774 1564 μὲν
798 1483 1049 1570 Ψυλλοτοξόται,

91 1606 339 1688 πεντακισμύριοι
363 1606 390 1671 δ’
412 1607 647 1688 Ἀνεμοδρόμοι·
672 1608 785 1673 τούτων
808 1607 876 1672 δὀἱ
899 1607 1051 1685 μὲοΨυλ·

92 1726 248 1805 λοτυξόται
275 1729 323 1792 ε’πδ
349 1733 477 1810 ψυλλῶν
500 1727 652 1808 μεγοόλυν
677 1728 885 1811 ἱππάζονται,
912 1723 975 1793 όόεν
996 1728 1048 1793 καὶ

90 1850 139 1924 τῶν
162 1850 369 1931 προσκγορόαν
393 1849 518 1932 ἔχουσι·
539 1852 669 1931 μέγεθος
694 1851 725 1916 δὲ
753 1857 808 1916 τῶν
832 1856 960 1933 ψυλλῶν
984 1845 1049 1914 ύσον

91 1967 200 2038 δώδεκα
228 1971 411 2053 ἐλέφαντες·
436 1973 462 2036 οἱ
485 1971 513 2037 δ’
539 1970 756 2053 Ἀνεμοδρόμοι
781 1969 867 2052 πεζοὶ
892 1969 949 2048 μέν
968 1971 1047 2048 εἰσι,

89 2093 227 2172 Φέρονται
253 2092 279 2158 δ’
310 2092 340 2156 ἕν
364 2095 405 2172 τῷ
429 2091 494 2172 οὶὲρι
520 2090 594 2156 ἄνευ
619 2099 753 2173 πτερῶν·
779 2090 846 2189 όδὲ
864 2088 973 2170 τρόπος
992 2097 1047 2163 τῆς

89 2217 179 2294 φορῶς
204 2211 341 2280 τοιόσδε·
365 2219 501 2294 χιτῶνας
523 2214 659 2293 ποδύρεις
684 2211 911 2306 ύποζωσοόμεκοι
932 2209 1049 2276 κολπῶ-

88 2357 192 2410 σαντες
219 2336 332 2408 αὐτοὺς
357 2337 399 2417 τῶ
416 2336 520 2418 οὶνὲμιρ
540 2333 680 2416 καόοόπερ
693 2335 780 2400 ἱστία
792 2332 936 2416 φέρονται
949 2329 1047 2412 ῶσπερ

88 2456 125 2520 τός
148 2457 272 2542 σκύφκ.
298 2458 341 2522 τόι
362 2458 469 2523 πολλοὶ
484 2455 513 2521 δ’
528 2459 552 2522 οἱ
566 2462 691 2522 τοιοῦτοι
706 2457 735 2521 ἕν
749 2465 818 2528 ταῖς
833 2455 959 2537 μύχαις
972 2467 1047 2518 πελ·
1117 2527 1118 2538 ¹

88 2580 201 2644 τασταό
224 2581 310 2644 εἰσιν.
337 2579 480 2658 ἐλέγοντο
501 2578 597 2644 δὲκαὶ
610 2577 673 2643 οὶπὸ
685 2583 743 2643 τῶν
757 2578 829 2658 ὑπὲρ
841 2577 896 2649 τὴν
908 2584 1049 2641 Καππα-

89 2695 185 2766 δοκίαν
210 2699 345 2780 οόστέρων
370 2697 450 2777 ἥξειν
476 2699 743 2780 Σπρουόοβοόλανοι
768 2699 824 2775 μὲν
848 2695 1046 2775 ἑπτακισμύ-

88 2841 154 2898 ριοι,
175 2820 389 2903 Ἱππογέρανοι
403 2822 434 2887 δὲ
448 2822 707 2901 πεντακισχίλιοι.
721 2820 844 2891 τούτους
856 2819 908 2904 (δ’)
919 2818 980 2896 ἐγὼ
993 2819 1047 2882 οὐκ

89 2941 275 3022 ε’όεασοόμκν·
300 2946 332 3010 ού
357 2943 420 3024 γῶρ
446 2943 607 3025 οὶφόκοντο.
632 2941 733 3021 διόπερ
758 2939 824 3007 οὐδὲ
839 2940 966 3019 γρύψαι
985 2938 1045 3011 πῶς

89 3061 195 3142 Φύσεις
221 3067 320 3147 αύτῶν
342 3065 504 3142 ἐτόλμησα
516 3086 522 3102 ·
535 3063 686 3145 τερύστιοι
699 3063 763 3142 γὰρ
776 3063 828 3126 κοῶ
841 3061 964 3127 ἄπιστοι
977 3059 1044 3140 περὶ

90 3185 185 3252 αὐτῶν
206 3185 347 3264 ἐλέγετο.
375 3186 428 3253 14.
452 3182 531 3259 αύτκ
555 3186 612 3264 μὲν
632 3186 714 3260 ἧτοῶ
735 3183 932 3262 Ἐνδυμίωνος
953 3181 1045 3248 δύνα-

90 3325 138 3380 wc
164 3303 207 3380 ἦν.
232 3309 325 3382 σκευὴ
350 3307 380 3372 δὲ
405 3305 529 3372 πόντων
554 3309 571 3382 ἦ
595 3308 687 3382 αύτύ.
711 3305 803 3386 κρύνκ
828 3303 884 3379 μὲν
906 3301 969 3367 οὶπῶ
987 3308 1046 3367 τῶν

90 3424 231 3504 κυύμυν·
260 3429 398 3510 μεγοόλοι
421 3429 485 3509 γῶρ
500 3427 575 3510 παρ’
590 3429 694 3500 αὐτοῖς
708 3429 733 3492 οἱ
747 3427 860 3502 κύαμοι
873 3423 925 3488 καὶ
938 3447 1047 3504 καρτε·

92 3545 148 3624 ροι’·
185 3551 313 3632 όῶρακες
350 3551 380 3618 δὲ
412 3548 575 3632 Φολιδοιτοὶ
607 3547 725 3620 ποόντες
749 3547 893 3626 όέρμινοι·
918 3543 961 3610 τοὶ
984 3544 1047 3622 γόοο
