2594 4128
325 343 535 403 λλιιοοτε
559 341 764 402 ιΣΤονιΑΣ
785 346 819 401 ιι.
989 331 1054 402 107

94 526 251 607 λαβόντες
273 529 357 603 ῆμὸις
377 527 430 592 καί
448 527 730 605 κατακοιμίσαντες
746 525 828 591 πάνυ
840 532 992 606 λαμπρῶς
1004 525 1056 590 καί

93 649 198 728 δεξιῶς
225 647 364 730 ἐξένιζον,
389 649 445 723 τῆν
468 647 496 712 τ’
520 646 622 722 άλλην
647 647 799 730 ύποδοχῆν
824 655 1055 728 μεγαλοπρεπῆ

93 769 394 842 κατασκευάσαντες
415 769 466 834 καί
488 768 725 850 ὑπισχνούμενοι
746 768 902 847 βασιλέας
918 793 955 834 τε
968 770 1056 845 ποιῆ·

1023 859 1029 882 .

94 911 159 958 σειν
186 893 238 957 καὶ
266 891 444 972 σατράπας.
481 888 548 957 ένιοι
569 891 600 956 δὲ
622 892 674 956 καὶ
695 892 809 970 άνῆγον
831 892 915 969 ῆμῖις
936 892 979 961 είς
998 871 1084 964 τὰς’

93 1015 248 1093 πατρίδας
280 1013 333 1077 καὶ
358 1013 427 1085 τοὺς
451 1013 574 1084 οῖκείους
600 1013 786 1078 ἐπεδείκνυον
811 1011 863 1078 καὶ
888 1012 1056 1093 αὐθημερόν

95 1135 264 1212 έπανῆγον.
290 1133 342 1200 35.
356 1134 472 1214 ἡμέρας
484 1135 542 1212 μὲν
554 1127 603 1199 οὖν
615 1132 781 1213 τριάκοντα
794 1133 846 1198 καί
859 1132 930 1208 ίσας
943 1132 1056 1203 νύκτας

94 1255 171 1336 παρ’
203 1258 307 1327 αὐτοῖς
339 1256 506 1332 ἐμείναμεν
538 1255 734 1326 καθεύδοντες
766 1255 818 1320 καῖ
843 1254 1058 1336 εὐωχούμενοι.

95 1377 194 1444 έπειτ·
210 1377 300 1459 ἄφνω
320 1379 447 1457 βροντῆς
461 1376 609 1454 μεγάλης
623 1379 873 1456 καταρραγείσης
886 1375 1055 1454 άνεγοόμε-

95 1525 136 1566 νοι
157 1499 210 1564 καὶ
228 1499 422 1577 άναθορόντες
443 1499 623 1590 άνῆχθημεν
643 1497 899 1576 ἐπισιτισάμενοι.
925 1505 1055 1577 τριταῖοι

96 1621 258 1686 δ”ἐιιεῖθεν
277 1630 315 1702 τῆ
339 1620 491 1704 Ὠγυγίη
511 1620 588 1700 νῆσιρ
607 1627 814 1701 προσσχόντες
834 1619 1060 1699 άποβαίνομεν.

97 1741 238 1824 πρότερον
261 1741 287 1805 δ’
309 1743 369 1820 έγόι
391 1743 490 1813 λύσας
510 1743 566 1816 τῆν
585 1743 748 1816 ἐπιστολὴν
769 1743 997 1820 ἀνεγίγνωσκον
1016 1740 1061 1805 τά

97 1865 320 1946 γεγραμμένα.
335 1861 369 1938 ῆν
382 1865 413 1929 δέ
426 1863 546 1928 τοιάδε·
562 1863 754 1942 ,,Ὀδυσσεὺς
767 1869 916 1943 Καλυψοῖ
924 1861 1056 1942 χαίρειν.

94 1987 173 2052 Ἴσθι
195 1985 244 2064 μ’,
265 1989 303 2058 ὡς
326 1985 367 2049 τά
388 1991 495 2064 πρῶτα
509 1984 683 2062 έξίπλευσα
696 1985 782 2064 παρά
795 1989 848 2050 σοῦ
861 1987 915 2060 τῆν
928 1983 1060 2066 σχεδίαν

101 2108 428 2186 κατασκευασάμενος,
441 2107 581 2190 ναυαγίᾳ
593 2107 788 2188 χρησάμενον
801 2105 890 2183 μόλις
905 2105 962 2170 ὑπό
975 2111 1061 2170 Λευ-Ι

98 2229 204 2302 κοθέας
234 2229 417 2302 διασωθῆναι
449 2230 491 2300 είς
522 2229 577 2302 τῆν
608 2234 666 2293 τῶν
691 2217 834 2292 Φαιάκων
857 2227 979 2309 χάραν,
1006 2227 1060 2308 ὑφ’

97 2347 137 2416 ὧν
157 2353 187 2422 ἐς
208 2355 262 2424 τῆν
284 2351 396 2416 οίιιείαν
415 2349 637 2431 άποπεμφθεὶς
657 2349 839 2428 κατέλαβον
857 2348 990 2420 πολλοὺς
1003 2352 1059 2421 τῆς

54 2493 60 2504 ·
97 2473 243 2550 γυναικός
264 2479 442 2551 μνηστῆρας
464 2471 493 2535 έν
514 2480 576 2542 τοῖς
598 2473 755 2549 ἡμετέροις
773 2475 969 2551 τρυφῶντας·
984 2469 1061 2533 άπο-

97 2595 223 2659 κτείνας
244 2594 271 2658 δ’
291 2589 438 2664 ἅπαντας
460 2593 518 2658 ὑπὸ
538 2592 719 2669 Τηλεγόνου
741 2589 862 2669 ὕστερον
877 2595 931 2655 τοῦ
945 2591 979 2654 έιι
992 2591 1061 2669 Κίρ·

98 2739 153 2790 ιιης
174 2738 225 2792 μοι
245 2714 409 2792 γενομένου
429 2714 587 2795 άνηρέθην,
609 2714 661 2778 καῖ
683 2717 734 2778 νύν
754 2715 816 2791 εἰμι
839 2713 870 2777 ἔν
885 2721 924 2794 τῆ
938 2710 1058 2777 Μακά-

96 2861 152 2920 ρων
176 2839 254 2918 νῆσῳ
277 2838 358 2903 πάνυ
379 2833 534 2913 μετανοῶν
554 2835 603 2900 ἐπὶ
625 2836 667 2916 τῷ
687 2841 875 2898 καταλιπεῖν
894 2837 949 2907 τῆν
969 2835 1056 2912 παρά

98 2963 143 3027 σοί
166 2961 290 3026 δίαιταν
314 2959 366 3026 καῖ
391 2965 445 3034 τῆν
470 2960 527 3024 ὑπό
551 2960 604 3024 σού
624 2958 852 3039 προτεινομένην
872 2945 1066 3022 άθανασιάνζ

98 3083 134 3160 ῆν
159 3079 206 3148 οὖν
231 3087 334 3160 καιροῦ
359 3081 526 3160 λάβωμαι,
552 3080 688 3160 άποδρόις
712 3079 869 3174 άφίξομαι
895 3080 966 3158 πρός
991 3077 1062 3143 ow

97 3207 205 3270 ταῦτα
226 3204 283 3281 μὲν
303 3204 410 3278 έδῆλου
433 3205 450 3278 ῆ
471 3201 634 3277 ε’πιστολῆ,
656 3201 709 3265 καὶ
729 3200 795 3282 περὶ
811 3203 904 3278 ἡμῶν,
918 3196 997 3271 ὅπως
1011 3198 1062 3276 ξε·

100 3473 154 3521 της
179 3445 261 3530 εύρον
285 3448 320 3512 τό
344 3449 496 3523 σπῆλαιον
516 3450 648 3510 τοιοῦτον
666 3441 723 3510 οίον
740 3445 879 3523 Ὅμηρος
898 3441 984 3522 είπε,
1006 3444 1058 3509 καί

97 3571 198 3644 αύτῆν
217 3571 516 3650 ταλασιουργοῦσαν.
539 3569 579 3640 άς
600 3566 630 3631 δὲ
651 3569 705 3642 τῆν
718 3566 882 3641 έπιστολῆν
894 3563 994 3645 ἔλαβε
1007 3567 1059 3630 καὶ
