<?xml version="1.0" encoding="UTF-8"?>
<!DOCTYPE html PUBLIC "-//W3C//DTD XHTML 1.0 Transitional//EN"
    "http://www.w3.org/TR/xhtml1/DTD/xhtml1-transitional.dtd">
<html xmlns="http://www.w3.org/1999/xhtml" xml:lang="en" lang="en">
 <head>
  <title>
</title>
<meta http-equiv="Content-Type" content="text/html;charset=utf-8" />
  <meta name='ocr-system' content='tesseract 3.04.00' />
  <meta name='ocr-capabilities' content='ocr_page ocr_carea ocr_par ocr_line ocrx_word'/>
</head>
<body>
  <div class='ocr_page' id='page_1' title='image "./dialogiquattuor00lucigoog_0150.png"; bbox 0 0 2562 4132; ppageno 0'>
   <div class='ocr_carea' id='block_1_1' title="bbox 423 281 1049 386">
    <p class='ocr_par' dir='ltr' id='par_1_1' title="bbox 423 281 1049 386">
     <span class='ocr_line' id='line_1_1' title="bbox 423 281 1049 386; baseline 0.003 -7"><span class='ocrx_word' id='word_1_1' title='bbox 423 323 720 386; x_wconf 71' lang='grc' dir='ltr'><strong><em>οιλονοτειιε.</em></strong></span> <span class='ocrx_word' id='word_1_2' title='bbox 870 281 872 290; x_wconf 58' lang='grc'>’</span> <span class='ocrx_word' id='word_1_3' title='bbox 1007 312 1049 381; x_wconf 81' lang='lat'><strong><em>59</em></strong></span> 
     </span>
    </p>
   </div>
   <div class='ocr_carea' id='block_1_2' title="bbox 13 486 1052 3620">
    <p class='ocr_par' dir='ltr' id='par_1_2' title="bbox 22 486 1052 1431">
     <span class='ocr_line' id='line_1_2' title="bbox 36 486 1051 590; baseline 0.003 -20"><span class='ocrx_word' id='word_1_4' title='bbox 36 486 41 495; x_wconf 40' lang='grc' dir='ltr'>Ι</span> <span class='ocrx_word' id='word_1_5' title='bbox 96 526 206 570; x_wconf 88' lang='grc' dir='ltr'><strong><em>σταται</em></strong></span> <span class='ocrx_word' id='word_1_6' title='bbox 227 506 279 572; x_wconf 79' lang='grc' dir='ltr'><strong><em>καὶ</em></strong></span> <span class='ocrx_word' id='word_1_7' title='bbox 301 504 399 578; x_wconf 82' lang='grc' dir='ltr'><strong><em>συνεὶς</em></strong></span> <span class='ocrx_word' id='word_1_8' title='bbox 422 505 457 570; x_wconf 81' lang='grc' dir='ltr'><strong><em>τὸ</em></strong></span> <span class='ocrx_word' id='word_1_9' title='bbox 481 501 655 590; x_wconf 86' lang='grc' dir='ltr'><strong><em>γενίμενον,</em></strong></span> <span class='ocrx_word' id='word_1_10' title='bbox 678 505 781 573; x_wconf 84' lang='grc' dir='ltr'><strong><em>ἐκεῖνα</em></strong></span> <span class='ocrx_word' id='word_1_11' title='bbox 799 505 855 584; x_wconf 78' lang='grc' dir='ltr'><strong><em>μὲν</em></strong></span> <span class='ocrx_word' id='word_1_12' title='bbox 869 501 953 579; x_wconf 77' lang='grc' dir='ltr'><strong><em>αὖθις</em></strong></span> <span class='ocrx_word' id='word_1_13' title='bbox 967 504 1051 572; x_wconf 88' lang='grc' dir='ltr'><strong><em>ἐποί-</em></strong></span> 
     </span>
     <span class='ocr_line' id='line_1_3' title="bbox 98 618 1052 709; baseline 0.002 -19"><span class='ocrx_word' id='word_1_14' title='bbox 98 648 147 700; x_wconf 82' lang='grc' dir='ltr'><strong><em>ησε</em></strong></span> <span class='ocrx_word' id='word_1_15' title='bbox 167 623 271 708; x_wconf 80' lang='grc' dir='ltr'><strong><em>ξύλα,</em></strong></span> <span class='ocrx_word' id='word_1_16' title='bbox 300 623 402 707; x_wconf 82' lang='grc' dir='ltr'><strong><em>άσπερ</em></strong></span> <span class='ocrx_word' id='word_1_17' title='bbox 426 618 459 699; x_wconf 76' lang='grc' dir='ltr'><strong><em>ἦν</em></strong></span> <span class='ocrx_word' id='word_1_18' title='bbox 483 626 538 707; x_wconf 75' lang='grc' dir='ltr'><strong><em>πρὸ</em></strong></span> <span class='ocrx_word' id='word_1_19' title='bbox 562 634 617 701; x_wconf 74' lang='grc' dir='ltr'><strong><em>τῆς</em></strong></span> <span class='ocrx_word' id='word_1_20' title='bbox 643 627 778 709; x_wconf 80' lang='grc' dir='ltr'><strong><em>ε’πιρδῆς,</em></strong></span> <span class='ocrx_word' id='word_1_21' title='bbox 803 625 896 698; x_wconf 81' lang='grc' dir='ltr'><strong><em>αύτδσ</em></strong></span> <span class='ocrx_word' id='word_1_22' title='bbox 922 626 949 692; x_wconf 87' lang='grc' dir='ltr'><strong><em>δ’</em></strong></span> <span class='ocrx_word' id='word_1_23' title='bbox 974 628 1052 692; x_wconf 89' lang='grc' dir='ltr'><strong><em>άτο-</em></strong></span> 
     </span>
     <span class='ocr_line' id='line_1_4' title="bbox 26 741 1048 832; baseline 0.004 -24"><span class='ocrx_word' id='word_1_24' title='bbox 26 803 27 807; x_wconf 64' lang='lat'>,</span> <span class='ocrx_word' id='word_1_25' title='bbox 96 746 186 812; x_wconf 85' lang='grc' dir='ltr'><strong><em>λιτύν</em></strong></span> <span class='ocrx_word' id='word_1_26' title='bbox 217 771 259 824; x_wconf 87' lang='grc' dir='ltr'><strong><em>με</em></strong></span> <span class='ocrx_word' id='word_1_27' title='bbox 289 747 389 812; x_wconf 74' lang='grc' dir='ltr'><strong><em>λαθὼν</em></strong></span> <span class='ocrx_word' id='word_1_28' title='bbox 420 748 473 812; x_wconf 89' lang='grc' dir='ltr'><strong><em>ούιι</em></strong></span> <span class='ocrx_word' id='word_1_29' title='bbox 497 741 551 813; x_wconf 81' lang='grc' dir='ltr'><strong><em>οἶδ’</em></strong></span> <span class='ocrx_word' id='word_1_30' title='bbox 576 743 642 814; x_wconf 85' lang='grc' dir='ltr'><strong><em>ύποι</em></strong></span> <span class='ocrx_word' id='word_1_31' title='bbox 668 749 793 832; x_wconf 79' lang='grc' dir='ltr'><strong><em>άφανης</em></strong></span> <span class='ocrx_word' id='word_1_32' title='bbox 817 745 918 830; x_wconf 82' lang='grc' dir='ltr'><strong><em>ᾤχετο</em></strong></span> <span class='ocrx_word' id='word_1_33' title='bbox 941 747 1048 812; x_wconf 85' lang='grc' dir='ltr'><strong><em>άπιάν.</em></strong></span> 
     </span>
     <span class='ocr_line' id='line_1_5' title="bbox 23 862 1051 951; baseline 0.004 -21"><span class='ocrx_word' id='word_1_34' title='bbox 23 893 25 922; x_wconf 75' lang='lat'><em>1</em></span> <span class='ocrx_word' id='word_1_35' title='bbox 96 871 158 932; x_wconf 82' lang='grc' dir='ltr'><strong><em>Νῦν</em></strong></span> <span class='ocrx_word' id='word_1_36' title='bbox 175 862 234 947; x_wconf 87' lang='grc' dir='ltr'><strong><em>ούν,</em></strong></span> <span class='ocrx_word' id='word_1_37' title='bbox 261 865 322 951; x_wconf 78' lang='grc' dir='ltr'><strong><em>ἔφη</em></strong></span> <span class='ocrx_word' id='word_1_38' title='bbox 346 870 372 934; x_wconf 78' lang='grc' dir='ltr'><strong><em>θ’</em></strong></span> <span class='ocrx_word' id='word_1_39' title='bbox 387 867 601 950; x_wconf 72' lang='grc' dir='ltr'><strong><em>Δεινόμαχος,</em></strong></span> <span class='ocrx_word' id='word_1_40' title='bbox 626 863 711 934; x_wconf 91' lang='grc' dir='ltr'><strong><em>οίσθα</em></strong></span> <span class='ocrx_word' id='word_1_41' title='bbox 739 867 797 934; x_wconf 86' lang='grc' dir='ltr'><strong><em>κάν</em></strong></span> <span class='ocrx_word' id='word_1_42' title='bbox 820 871 925 947; x_wconf 80' lang='grc' dir='ltr'><strong><em>ἐκεῖνο,</em></strong></span> <span class='ocrx_word' id='word_1_43' title='bbox 939 867 1051 948; x_wconf 84' lang='grc' dir='ltr'><strong><em>άνθρω-</em></strong></span> 
     </span>
     <span class='ocr_line' id='line_1_6' title="bbox 22 983 1050 1076; baseline 0.003 -25"><span class='ocrx_word' id='word_1_44' title='bbox 22 1039 23 1044; x_wconf 55' lang='grc'><strong><em>,</em></strong></span> <span class='ocrx_word' id='word_1_45' title='bbox 97 1010 147 1051; x_wconf 92' lang='grc' dir='ltr'><strong><em>πον</em></strong></span> <span class='ocrx_word' id='word_1_46' title='bbox 170 998 264 1054; x_wconf 88' lang='grc' dir='ltr'><strong><em>ποιεῖν</em></strong></span> <span class='ocrx_word' id='word_1_47' title='bbox 288 983 321 1055; x_wconf 89' lang='grc' dir='ltr'><strong><em>εἰι</em></strong></span> <span class='ocrx_word' id='word_1_48' title='bbox 346 993 399 1054; x_wconf 84' lang='grc' dir='ltr'><strong><em>τοῦ</em></strong></span> <span class='ocrx_word' id='word_1_49' title='bbox 424 987 546 1070; x_wconf 74' lang='grc' dir='ltr'><strong><em>ύπέρους</em></strong></span> <span class='ocrx_word' id='word_1_50' title='bbox 574 990 624 1063; x_wconf 73' lang='grc' dir='ltr'><strong><em>Νη</em></strong></span> <span class='ocrx_word' id='word_1_51' title='bbox 649 990 710 1067; x_wconf 83' lang='grc' dir='ltr'><strong><em>Δί,</em></strong></span> <span class='ocrx_word' id='word_1_52' title='bbox 725 989 743 1066; x_wconf 76' lang='grc' dir='ltr'><strong><em>ἦ</em></strong></span> <span class='ocrx_word' id='word_1_53' title='bbox 757 990 782 1054; x_wconf 87' lang='grc' dir='ltr'><strong><em>δ’</em></strong></span> <span class='ocrx_word' id='word_1_54' title='bbox 795 987 846 1076; x_wconf 77' lang='grc' dir='ltr'><strong><em>ύς,</em></strong></span> <span class='ocrx_word' id='word_1_55' title='bbox 860 989 895 1068; x_wconf 73' lang='grc' dir='ltr'><strong><em>ἐξ</em></strong></span> <span class='ocrx_word' id='word_1_56' title='bbox 908 989 1050 1068; x_wconf 75' lang='grc' dir='ltr'><strong><em>ἡμισείας</em></strong></span> 
     </span>
     <span class='ocr_line' id='line_1_7' title="bbox 96 1105 1051 1192; baseline 0.003 -20"><span class='ocrx_word' id='word_1_57' title='bbox 96 1130 148 1186; x_wconf 87' lang='grc' dir='ltr'><strong><em>γε·</em></strong></span> <span class='ocrx_word' id='word_1_58' title='bbox 169 1108 268 1176; x_wconf 88' lang='grc' dir='ltr'><strong><em>ούιιέτι</em></strong></span> <span class='ocrx_word' id='word_1_59' title='bbox 289 1111 352 1190; x_wconf 85' lang='grc' dir='ltr'><strong><em>γάρ</em></strong></span> <span class='ocrx_word' id='word_1_60' title='bbox 373 1111 415 1183; x_wconf 82' lang='grc' dir='ltr'><strong><em>είς</em></strong></span> <span class='ocrx_word' id='word_1_61' title='bbox 428 1110 464 1176; x_wconf 80' lang='grc' dir='ltr'><strong><em>τὸ</em></strong></span> <span class='ocrx_word' id='word_1_62' title='bbox 476 1111 609 1192; x_wconf 86' lang='grc' dir='ltr'><strong><em>άρχαῖον</em></strong></span> <span class='ocrx_word' id='word_1_63' title='bbox 621 1105 680 1175; x_wconf 86' lang='grc' dir='ltr'><strong><em>οίύν</em></strong></span> <span class='ocrx_word' id='word_1_64' title='bbox 691 1111 726 1176; x_wconf 83' lang='grc' dir='ltr'><strong><em>τέ</em></strong></span> <span class='ocrx_word' id='word_1_65' title='bbox 739 1134 790 1187; x_wconf 90' lang='grc' dir='ltr'><strong><em>μοι</em></strong></span> <span class='ocrx_word' id='word_1_66' title='bbox 803 1109 893 1188; x_wconf 87' lang='grc' dir='ltr'><strong><em>άγειν</em></strong></span> <span class='ocrx_word' id='word_1_67' title='bbox 906 1108 1001 1188; x_wconf 89' lang='grc' dir='ltr'><strong><em>αύτθ,</em></strong></span> <span class='ocrx_word' id='word_1_68' title='bbox 1017 1110 1051 1188; x_wconf 75' lang='grc' dir='ltr'><strong><em>ἣν</em></strong></span> 
     </span>
     <span class='ocr_line' id='line_1_8' title="bbox 93 1227 1051 1314; baseline 0.002 -20"><span class='ocrx_word' id='word_1_69' title='bbox 93 1227 179 1308; x_wconf 77' lang='grc' dir='ltr'><strong><em>άταίξ</em></strong></span> <span class='ocrx_word' id='word_1_70' title='bbox 199 1232 329 1313; x_wconf 86' lang='grc' dir='ltr'><strong><em>γε’νηται</em></strong></span> <span class='ocrx_word' id='word_1_71' title='bbox 355 1231 531 1314; x_wconf 71' lang='grc' dir='ltr'><strong><em>ὑδροφόρος,</em></strong></span> <span class='ocrx_word' id='word_1_72' title='bbox 553 1232 643 1297; x_wconf 80' lang='grc' dir='ltr'><strong><em>άλλά</em></strong></span> <span class='ocrx_word' id='word_1_73' title='bbox 664 1232 764 1308; x_wconf 74' lang='grc' dir='ltr'><strong><em>δεήσει</em></strong></span> <span class='ocrx_word' id='word_1_74' title='bbox 782 1234 854 1311; x_wconf 74' lang='grc' dir='ltr'><strong><em>ἡμῖν</em></strong></span> <span class='ocrx_word' id='word_1_75' title='bbox 867 1232 1051 1307; x_wconf 73' lang='grc' dir='ltr'><strong><em>ἐπικλυσθῆ-</em></strong></span> 
     </span>
     <span class='ocr_line' id='line_1_9' title="bbox 95 1353 623 1431; baseline 0.008 -16"><span class='ocrx_word' id='word_1_76' title='bbox 95 1375 138 1416; x_wconf 87' lang='grc' dir='ltr'><strong><em>ναι</em></strong></span> <span class='ocrx_word' id='word_1_77' title='bbox 151 1354 216 1428; x_wconf 80' lang='grc' dir='ltr'><strong><em>,την</em></strong></span> <span class='ocrx_word' id='word_1_78' title='bbox 240 1354 342 1418; x_wconf 83' lang='grc' dir='ltr'><strong><em>οίιιίαυ</em></strong></span> <span class='ocrx_word' id='word_1_79' title='bbox 363 1353 623 1431; x_wconf 67' lang='grc' dir='ltr'><strong><em>ἐπαντλουμένην.</em></strong></span> 
     </span>
    </p>

    <p class='ocr_par' dir='ltr' id='par_1_3' title="bbox 13 1457 1052 3620">
     <span class='ocr_line' id='line_1_10' title="bbox 136 1457 1051 1561; baseline 0 -23"><span class='ocrx_word' id='word_1_80' title='bbox 136 1473 188 1540; x_wconf 83' lang='grc'><strong><em>37.</em></strong></span> <span class='ocrx_word' id='word_1_81' title='bbox 216 1479 263 1540; x_wconf 91' lang='grc' dir='ltr'><strong><em>Ού</em></strong></span> <span class='ocrx_word' id='word_1_82' title='bbox 289 1474 455 1561; x_wconf 82' lang='grc' dir='ltr'><strong><em>παύσεσθ’,</em></strong></span> <span class='ocrx_word' id='word_1_83' title='bbox 477 1471 510 1550; x_wconf 77' lang='grc' dir='ltr'><strong><em>ἦν</em></strong></span> <span class='ocrx_word' id='word_1_84' title='bbox 533 1474 562 1540; x_wconf 87' lang='grc' dir='ltr'><strong><em>δ’</em></strong></span> <span class='ocrx_word' id='word_1_85' title='bbox 575 1475 712 1560; x_wconf 83' lang='grc' dir='ltr'><strong><em>ἕγύ,τά</em></strong></span> <span class='ocrx_word' id='word_1_86' title='bbox 736 1479 866 1541; x_wconf 82' lang='grc' dir='ltr'><strong><em>τοιαῦτα</em></strong></span> <span class='ocrx_word' id='word_1_87' title='bbox 887 1457 1051 1556; x_wconf 85' lang='grc' dir='ltr'><strong><em>τερατολο-</em></strong></span> 
     </span>
     <span class='ocr_line' id='line_1_11' title="bbox 93 1595 1052 1678; baseline 0 -18"><span class='ocrx_word' id='word_1_88' title='bbox 93 1600 215 1672; x_wconf 76' lang='grc' dir='ltr'><strong><em>γοῦντες</em></strong></span> <span class='ocrx_word' id='word_1_89' title='bbox 237 1596 377 1678; x_wconf 77' lang='grc' dir='ltr'><strong><em>γέροντες</em></strong></span> <span class='ocrx_word' id='word_1_90' title='bbox 402 1595 520 1677; x_wconf 68' lang='grc' dir='ltr'><strong><em>ἄνδρες,</em></strong></span> <span class='ocrx_word' id='word_1_91' title='bbox 546 1599 571 1663; x_wconf 85' lang='grc' dir='ltr'><strong><em>εί</em></strong></span> <span class='ocrx_word' id='word_1_92' title='bbox 596 1598 627 1663; x_wconf 79' lang='grc' dir='ltr'><strong><em>δὲ</em></strong></span> <span class='ocrx_word' id='word_1_93' title='bbox 652 1598 709 1675; x_wconf 76' lang='grc' dir='ltr'><strong><em>μά,</em></strong></span> <span class='ocrx_word' id='word_1_94' title='bbox 735 1597 823 1662; x_wconf 83' lang='grc' dir='ltr'><strong><em>άλλοὶ</em></strong></span> <span class='ocrx_word' id='word_1_95' title='bbox 844 1595 1052 1674; x_wconf 78' lang='grc' dir='ltr'><strong><em>κάυτσῖνμει-</em></strong></span> 
     </span>
     <span class='ocr_line' id='line_1_12' title="bbox 13 1715 1052 1807; baseline 0.002 -25"><span class='ocrx_word' id='word_1_96' title='bbox 13 1771 14 1776; x_wconf 59' lang='grc'><strong><em>,</em></strong></span> <span class='ocrx_word' id='word_1_97' title='bbox 92 1718 194 1795; x_wconf 87' lang='grc' dir='ltr'><strong><em>ραιιίων</em></strong></span> <span class='ocrx_word' id='word_1_98' title='bbox 203 1718 321 1784; x_wconf 87' lang='grc' dir='ltr'><strong><em>τούτων</em></strong></span> <span class='ocrx_word' id='word_1_99' title='bbox 329 1715 419 1786; x_wconf 78' lang='grc' dir='ltr'><strong><em>ἕνεκα</em></strong></span> <span class='ocrx_word' id='word_1_100' title='bbox 433 1721 475 1792; x_wconf 74' lang='grc' dir='ltr'><strong><em>είς</em></strong></span> <span class='ocrx_word' id='word_1_101' title='bbox 489 1718 585 1784; x_wconf 89' lang='grc' dir='ltr'><strong><em>άλλον</em></strong></span> <span class='ocrx_word' id='word_1_102' title='bbox 598 1720 694 1807; x_wconf 77' lang='grc' dir='ltr'><strong><em>(τινά)</em></strong></span> <span class='ocrx_word' id='word_1_103' title='bbox 706 1719 808 1800; x_wconf 81' lang='grc' dir='ltr'><strong><em>καιρὸν</em></strong></span> <span class='ocrx_word' id='word_1_104' title='bbox 818 1719 1052 1801; x_wconf 72' lang='grc' dir='ltr'><strong><em>ὑπερβάλλεσθε</em></strong></span> 
     </span>
     <span class='ocr_line' id='line_1_13' title="bbox 92 1838 1050 1934; baseline 0.003 -32"><span class='ocrx_word' id='word_1_105' title='bbox 92 1838 146 1913; x_wconf 76' lang='grc' dir='ltr'><strong><em>τάς</em></strong></span> <span class='ocrx_word' id='word_1_106' title='bbox 169 1840 362 1934; x_wconf 79' lang='grc' dir='ltr'><strong><em>παραδύξους</em></strong></span> <span class='ocrx_word' id='word_1_107' title='bbox 380 1840 502 1912; x_wconf 82' lang='grc' dir='ltr'><strong><em>ταύτας</em></strong></span> <span class='ocrx_word' id='word_1_108' title='bbox 515 1841 567 1906; x_wconf 76' lang='grc' dir='ltr'><strong><em>καί</em></strong></span> <span class='ocrx_word' id='word_1_109' title='bbox 581 1842 722 1924; x_wconf 70' lang='grc' dir='ltr'><strong><em>φοβεροῖς</em></strong></span> <span class='ocrx_word' id='word_1_110' title='bbox 739 1841 914 1921; x_wconf 72' lang='grc' dir='ltr'><strong><em>διηγήσεις,</em></strong></span> <span class='ocrx_word' id='word_1_111' title='bbox 927 1843 972 1921; x_wconf 75' lang='grc' dir='ltr'><strong><em>μή</em></strong></span> <span class='ocrx_word' id='word_1_112' title='bbox 987 1864 1050 1913; x_wconf 87' lang='grc' dir='ltr'><strong><em>πως</em></strong></span> 
     </span>
     <span class='ocr_line' id='line_1_14' title="bbox 92 1959 1052 2040; baseline 0.002 -16"><span class='ocrx_word' id='word_1_113' title='bbox 92 1959 219 2028; x_wconf 87' lang='grc' dir='ltr'><strong><em>λάθωσιν</em></strong></span> <span class='ocrx_word' id='word_1_114' title='bbox 242 1963 314 2038; x_wconf 74' lang='grc' dir='ltr'><strong><em>ἡμῖν</em></strong></span> <span class='ocrx_word' id='word_1_115' title='bbox 327 1960 556 2040; x_wconf 75' lang='grc' dir='ltr'><strong><em>ἐμπλησθέντες</em></strong></span> <span class='ocrx_word' id='word_1_116' title='bbox 569 1962 726 2040; x_wconf 88' lang='grc' dir='ltr'><strong><em>δειμάτων</em></strong></span> <span class='ocrx_word' id='word_1_117' title='bbox 739 1963 791 2026; x_wconf 81' lang='grc' dir='ltr'><strong><em>καί</em></strong></span> <span class='ocrx_word' id='word_1_118' title='bbox 805 1964 981 2029; x_wconf 88' lang='grc' dir='ltr'><strong><em>άλλοαύτων</em></strong></span> <span class='ocrx_word' id='word_1_119' title='bbox 993 1987 1052 2040; x_wconf 87' lang='grc' dir='ltr'><strong><em>μυ-</em></strong></span> 
     </span>
     <span class='ocr_line' id='line_1_15' title="bbox 93 2078 1050 2164; baseline 0.002 -19"><span class='ocrx_word' id='word_1_120' title='bbox 93 2081 320 2160; x_wconf 83' lang='grc' dir='ltr'><strong><em>θολογημάτων.</em></strong></span> <span class='ocrx_word' id='word_1_121' title='bbox 346 2082 505 2164; x_wconf 87' lang='grc' dir='ltr'><strong><em>φείδεσθαι</em></strong></span> <span class='ocrx_word' id='word_1_122' title='bbox 530 2078 579 2147; x_wconf 83' lang='grc' dir='ltr'><strong><em>οὖν</em></strong></span> <span class='ocrx_word' id='word_1_123' title='bbox 603 2084 663 2162; x_wconf 77' lang='grc' dir='ltr'><strong><em>χρη</em></strong></span> <span class='ocrx_word' id='word_1_124' title='bbox 688 2084 789 2148; x_wconf 81' lang='grc' dir='ltr'><strong><em>αύτοῖν</em></strong></span> <span class='ocrx_word' id='word_1_125' title='bbox 819 2082 896 2160; x_wconf 81' lang='grc' dir='ltr'><strong><em>μηδὲ</em></strong></span> <span class='ocrx_word' id='word_1_126' title='bbox 918 2086 1050 2148; x_wconf 77' lang='grc' dir='ltr'><strong><em>τοιαῦτα</em></strong></span> 
     </span>
     <span class='ocr_line' id='line_1_16' title="bbox 92 2197 1051 2289; baseline -0.001 -23"><span class='ocrx_word' id='word_1_127' title='bbox 92 2201 191 2284; x_wconf 84' lang='grc' dir='ltr'><strong><em>ἐθίζειν</em></strong></span> <span class='ocrx_word' id='word_1_128' title='bbox 218 2204 350 2289; x_wconf 81' lang='grc' dir='ltr'><strong><em>άκυύειν,</em></strong></span> <span class='ocrx_word' id='word_1_129' title='bbox 374 2197 396 2268; x_wconf 87' lang='grc' dir='ltr'><strong><em>ά</em></strong></span> <span class='ocrx_word' id='word_1_130' title='bbox 419 2204 471 2270; x_wconf 86' lang='grc' dir='ltr'><strong><em>διά</em></strong></span> <span class='ocrx_word' id='word_1_131' title='bbox 495 2204 611 2275; x_wconf 81' lang='grc' dir='ltr'><strong><em>παντὸς</em></strong></span> <span class='ocrx_word' id='word_1_132' title='bbox 636 2207 690 2267; x_wconf 82' lang='grc' dir='ltr'><strong><em>τοῦ</em></strong></span> <span class='ocrx_word' id='word_1_133' title='bbox 714 2202 786 2281; x_wconf 81' lang='grc' dir='ltr'><strong><em>βίου</em></strong></span> <span class='ocrx_word' id='word_1_134' title='bbox 811 2203 1051 2282; x_wconf 80' lang='grc' dir='ltr'><strong><em>ε’νοχλιίσεισυν-</em></strong></span> 
     </span>
     <span class='ocr_line' id='line_1_17' title="bbox 91 2321 1050 2408; baseline -0.001 -21"><span class='ocrx_word' id='word_1_135' title='bbox 91 2321 161 2390; x_wconf 89' lang='grc' dir='ltr'><strong><em>ίντα</em></strong></span> <span class='ocrx_word' id='word_1_136' title='bbox 185 2325 239 2390; x_wconf 80' lang='grc' dir='ltr'><strong><em>καί</em></strong></span> <span class='ocrx_word' id='word_1_137' title='bbox 264 2325 428 2408; x_wconf 79' lang='grc' dir='ltr'><strong><em>ψοφοδεεῖς</em></strong></span> <span class='ocrx_word' id='word_1_138' title='bbox 449 2325 566 2398; x_wconf 78' lang='grc' dir='ltr'><strong><em>ποιήσει</em></strong></span> <span class='ocrx_word' id='word_1_139' title='bbox 579 2323 720 2398; x_wconf 77' lang='grc' dir='ltr'><strong><em>ποικίλης</em></strong></span> <span class='ocrx_word' id='word_1_140' title='bbox 742 2331 798 2398; x_wconf 77' lang='grc' dir='ltr'><strong><em>τῆς</em></strong></span> <span class='ocrx_word' id='word_1_141' title='bbox 812 2322 1050 2398; x_wconf 83' lang='grc' dir='ltr'><strong><em>δεισιδαιμονίας</em></strong></span> 
     </span>
     <span class='ocr_line' id='line_1_18' title="bbox 92 2436 1050 2536; baseline 0.002 -30"><span class='ocrx_word' id='word_1_142' title='bbox 92 2443 331 2525; x_wconf 82' lang='grc' dir='ltr'><strong><em>ἐμπιμπλάντα.</em></strong></span> <span class='ocrx_word' id='word_1_143' title='bbox 352 2444 406 2511; x_wconf 83' lang='grc'><strong><em>38.</em></strong></span> <span class='ocrx_word' id='word_1_144' title='bbox 422 2442 468 2510; x_wconf 89' lang='grc' dir='ltr'><strong><em>Εύ</em></strong></span> <span class='ocrx_word' id='word_1_145' title='bbox 484 2447 517 2525; x_wconf 89' lang='grc' dir='ltr'><strong><em>γ’</em></strong></span> <span class='ocrx_word' id='word_1_146' title='bbox 531 2444 722 2523; x_wconf 81' lang='grc' dir='ltr'><strong><em>ὑπέμνησας,</em></strong></span> <span class='ocrx_word' id='word_1_147' title='bbox 736 2441 754 2520; x_wconf 71' lang='grc' dir='ltr'><em>ἦ</em></span> <span class='ocrx_word' id='word_1_148' title='bbox 766 2444 792 2509; x_wconf 89' lang='grc' dir='ltr'><strong><em>δ’</em></strong></span> <span class='ocrx_word' id='word_1_149' title='bbox 806 2436 836 2517; x_wconf 77' lang='grc' dir='ltr'><strong><em>ὃς</em></strong></span> <span class='ocrx_word' id='word_1_150' title='bbox 851 2443 1050 2536; x_wconf 78' lang='grc' dir='ltr'><strong><em>ύΕύκράτης,</em></strong></span> 
     </span>
     <span class='ocr_line' id='line_1_19' title="bbox 80 2562 1048 2649; baseline 0.001 -21"><span class='ocrx_word' id='word_1_151' title='bbox 80 2565 177 2640; x_wconf 44' lang='grc' dir='ltr'><strong><em>Ὶείπιδν</em></strong></span> <span class='ocrx_word' id='word_1_152' title='bbox 202 2568 256 2642; x_wconf 78' lang='grc' dir='ltr'><strong><em>την</em></strong></span> <span class='ocrx_word' id='word_1_153' title='bbox 279 2566 524 2645; x_wconf 86' lang='grc' dir='ltr'><strong><em>δεισιδαιμονίαν.</em></strong></span> <span class='ocrx_word' id='word_1_154' title='bbox 548 2568 580 2632; x_wconf 94' lang='grc' dir='ltr'><strong><em>τί</em></strong></span> <span class='ocrx_word' id='word_1_155' title='bbox 598 2567 661 2649; x_wconf 90' lang='grc' dir='ltr'><strong><em>γάρ</em></strong></span> <span class='ocrx_word' id='word_1_156' title='bbox 683 2590 746 2645; x_wconf 86' lang='grc' dir='ltr'><strong><em>σοι,</em></strong></span> <span class='ocrx_word' id='word_1_157' title='bbox 766 2562 948 2645; x_wconf 84' lang='grc' dir='ltr'><strong><em>ὦΤυχιάδη</em></strong></span> <span class='ocrx_word' id='word_1_158' title='bbox 959 2614 967 2644; x_wconf 94' lang='grc'><strong><em>,</em></strong></span> <span class='ocrx_word' id='word_1_159' title='bbox 982 2565 1048 2646; x_wconf 77' lang='grc' dir='ltr'><strong><em>περὶ</em></strong></span> 
     </span>
     <span class='ocr_line' id='line_1_20' title="bbox 90 2686 1050 2770; baseline 0.001 -19"><span class='ocrx_word' id='word_1_160' title='bbox 90 2691 145 2752; x_wconf 82' lang='grc' dir='ltr'><strong><em>τῶν</em></strong></span> <span class='ocrx_word' id='word_1_161' title='bbox 169 2687 309 2753; x_wconf 81' lang='grc' dir='ltr'><strong><em>τοιούτων</em></strong></span> <span class='ocrx_word' id='word_1_162' title='bbox 332 2687 431 2765; x_wconf 90' lang='grc' dir='ltr'><strong><em>δοκεῖ,</em></strong></span> <span class='ocrx_word' id='word_1_163' title='bbox 463 2687 546 2768; x_wconf 75' lang='grc' dir='ltr'><strong><em>λέγω</em></strong></span> <span class='ocrx_word' id='word_1_164' title='bbox 575 2688 611 2764; x_wconf 78' lang='grc' dir='ltr'><strong><em>δη</em></strong></span> <span class='ocrx_word' id='word_1_165' title='bbox 636 2695 783 2768; x_wconf 76' lang='grc' dir='ltr'><strong><em>χρησμῶν</em></strong></span> <span class='ocrx_word' id='word_1_166' title='bbox 806 2686 860 2752; x_wconf 78' lang='grc' dir='ltr'><strong><em>καὶ</em></strong></span> <span class='ocrx_word' id='word_1_167' title='bbox 886 2686 1050 2770; x_wconf 84' lang='grc' dir='ltr'><strong><em>θεσφάτων</em></strong></span> 
     </span>
     <span class='ocr_line' id='line_1_21' title="bbox 91 2799 1050 2891; baseline 0.004 -19"><span class='ocrx_word' id='word_1_168' title='bbox 91 2807 141 2873; x_wconf 84' lang='grc' dir='ltr'><strong><em>καί</em></strong></span> <span class='ocrx_word' id='word_1_169' title='bbox 162 2806 222 2874; x_wconf 85' lang='grc' dir='ltr'><strong><em>ύσα</em></strong></span> <span class='ocrx_word' id='word_1_170' title='bbox 262 2808 490 2891; x_wconf 77' lang='grc' dir='ltr'><strong><em>θεοφορούμενοί</em></strong></span> <span class='ocrx_word' id='word_1_171' title='bbox 520 2833 598 2883; x_wconf 75' lang='grc' dir='ltr'><strong><em>τινες</em></strong></span> <span class='ocrx_word' id='word_1_172' title='bbox 630 2799 804 2889; x_wconf 77' lang='grc' dir='ltr'><strong><em>άναβοιῖσιν</em></strong></span> <span class='ocrx_word' id='word_1_173' title='bbox 832 2810 849 2886; x_wconf 78' lang='grc' dir='ltr'>ἢ</span> <span class='ocrx_word' id='word_1_174' title='bbox 873 2809 907 2888; x_wconf 79' lang='grc' dir='ltr'><strong><em>ἐξ</em></strong></span> <span class='ocrx_word' id='word_1_175' title='bbox 931 2808 1050 2876; x_wconf 89' lang='grc' dir='ltr'><strong><em>άδύτων</em></strong></span> 
     </span>
     <span class='ocr_line' id='line_1_22' title="bbox 90 2930 1049 3015; baseline 0.001 -21"><span class='ocrx_word' id='word_1_176' title='bbox 90 2930 233 2997; x_wconf 84' lang='grc' dir='ltr'><strong><em>άιιούεται</em></strong></span> <span class='ocrx_word' id='word_1_177' title='bbox 260 2931 276 3007; x_wconf 71' lang='grc' dir='ltr'>ἢ</span> <span class='ocrx_word' id='word_1_178' title='bbox 302 2931 445 3015; x_wconf 78' lang='grc' dir='ltr'><strong><em>παρθένος</em></strong></span> <span class='ocrx_word' id='word_1_179' title='bbox 470 2930 612 3013; x_wconf 75' lang='grc' dir='ltr'><strong><em>ἔμμετρα</em></strong></span> <span class='ocrx_word' id='word_1_180' title='bbox 642 2930 843 3015; x_wconf 72' lang='grc' dir='ltr'><strong><em>φθεγγομένη</em></strong></span> <span class='ocrx_word' id='word_1_181' title='bbox 857 2930 1049 3013; x_wconf 73' lang='grc' dir='ltr'><strong><em>προθεσπίζει</em></strong></span> 
     </span>
     <span class='ocr_line' id='line_1_23' title="bbox 92 3051 1047 3139; baseline 0.001 -25"><span class='ocrx_word' id='word_1_182' title='bbox 92 3051 148 3134; x_wconf 88' lang='grc' dir='ltr'><strong><em>[τά</em></strong></span> <span class='ocrx_word' id='word_1_183' title='bbox 171 3051 357 3139; x_wconf 86' lang='grc' dir='ltr'><strong><em>μέλλοντα];</em></strong></span> <span class='ocrx_word' id='word_1_184' title='bbox 380 3054 397 3129; x_wconf 74' lang='grc' dir='ltr'>ἢ</span> <span class='ocrx_word' id='word_1_185' title='bbox 421 3052 538 3130; x_wconf 80' lang='grc' dir='ltr'><strong><em>δηλαδίη</em></strong></span> <span class='ocrx_word' id='word_1_186' title='bbox 551 3054 603 3118; x_wconf 77' lang='grc' dir='ltr'><strong><em>καί</em></strong></span> <span class='ocrx_word' id='word_1_187' title='bbox 617 3060 680 3126; x_wconf 81' lang='grc' dir='ltr'><strong><em>τοῖς</em></strong></span> <span class='ocrx_word' id='word_1_188' title='bbox 694 3053 838 3124; x_wconf 83' lang='grc' dir='ltr'><strong><em>τοιούτοις</em></strong></span> <span class='ocrx_word' id='word_1_189' title='bbox 852 3053 1047 3129; x_wconf 78' lang='grc' dir='ltr'><strong><em>άπιττιίσεις;</em></strong></span> 
     </span>
     <span class='ocr_line' id='line_1_24' title="bbox 90 3170 1049 3254; baseline 0 -18"><span class='ocrx_word' id='word_1_190' title='bbox 90 3174 151 3248; x_wconf 83' lang='grc' dir='ltr'><strong><em>ἐγὼ</em></strong></span> <span class='ocrx_word' id='word_1_191' title='bbox 175 3173 201 3238; x_wconf 83' lang='grc' dir='ltr'><strong><em>δ’</em></strong></span> <span class='ocrx_word' id='word_1_192' title='bbox 212 3172 268 3239; x_wconf 82' lang='grc' dir='ltr'><strong><em>ύτι</em></strong></span> <span class='ocrx_word' id='word_1_193' title='bbox 290 3175 347 3253; x_wconf 77' lang='grc' dir='ltr'><strong><em>μὲν</em></strong></span> <span class='ocrx_word' id='word_1_194' title='bbox 359 3175 412 3240; x_wconf 81' lang='grc' dir='ltr'><strong><em>καί</em></strong></span> <span class='ocrx_word' id='word_1_195' title='bbox 429 3175 594 3241; x_wconf 87' lang='grc' dir='ltr'><strong><em>δακτύλιύν</em></strong></span> <span class='ocrx_word' id='word_1_196' title='bbox 614 3174 671 3240; x_wconf 88' lang='grc' dir='ltr'><strong><em>τιν’</em></strong></span> <span class='ocrx_word' id='word_1_197' title='bbox 685 3173 760 3254; x_wconf 82' lang='grc' dir='ltr'><strong><em>ίιρὸν</em></strong></span> <span class='ocrx_word' id='word_1_198' title='bbox 774 3173 837 3254; x_wconf 77' lang='grc' dir='ltr'><strong><em>ἔχει</em></strong></span> <span class='ocrx_word' id='word_1_199' title='bbox 851 3170 1049 3245; x_wconf 78' lang='grc' dir='ltr'><strong><em>Ἀπόλλωνος</em></strong></span> 
     </span>
     <span class='ocr_line' id='line_1_25' title="bbox 91 3288 1050 3383; baseline 0.003 -28"><span class='ocrx_word' id='word_1_200' title='bbox 91 3297 142 3358; x_wconf 83' lang='grc' dir='ltr'><strong><em>τοῦ</em></strong></span> <span class='ocrx_word' id='word_1_201' title='bbox 162 3297 271 3361; x_wconf 83' lang='grc' dir='ltr'><strong><em>Πυθίου</em></strong></span> <span class='ocrx_word' id='word_1_202' title='bbox 289 3296 390 3363; x_wconf 84' lang='grc' dir='ltr'><strong><em>είκθνα</em></strong></span> <span class='ocrx_word' id='word_1_203' title='bbox 404 3297 595 3362; x_wconf 80' lang='grc' dir='ltr'><strong><em>ἐκτυποῦντα</em></strong></span> <span class='ocrx_word' id='word_1_204' title='bbox 614 3294 683 3383; x_wconf 74' lang='grc' dir='ltr'><strong><em>[τῆς</em></strong></span> <span class='ocrx_word' id='word_1_205' title='bbox 696 3293 882 3380; x_wconf 77' lang='grc' dir='ltr'><strong><em>σφραγῖδος]</em></strong></span> <span class='ocrx_word' id='word_1_206' title='bbox 897 3293 950 3380; x_wconf 78' lang='grc' dir='ltr'><strong><em>καί</em></strong></span> <span class='ocrx_word' id='word_1_207' title='bbox 964 3288 1050 3366; x_wconf 82' lang='grc' dir='ltr'><strong><em>οὗτος</em></strong></span> 
     </span>
     <span class='ocr_line' id='line_1_26' title="bbox 92 3411 1049 3499; baseline 0.002 -22"><span class='ocrx_word' id='word_1_208' title='bbox 92 3413 105 3477; x_wconf 88' lang='grc' dir='ltr'><strong><em>θ</em></strong></span> <span class='ocrx_word' id='word_1_209' title='bbox 119 3411 282 3482; x_wconf 81' lang='grc' dir='ltr'><strong><em>Ἀπόλλων</em></strong></span> <span class='ocrx_word' id='word_1_210' title='bbox 293 3416 472 3499; x_wconf 75' lang='grc' dir='ltr'><strong><em>φθέγγεται</em></strong></span> <span class='ocrx_word' id='word_1_211' title='bbox 484 3418 556 3497; x_wconf 81' lang='grc' dir='ltr'><strong><em>πρὸς</em></strong></span> <span class='ocrx_word' id='word_1_212' title='bbox 570 3416 637 3496; x_wconf 72' lang='grc' dir='ltr'><strong><em>ἐμὲ,</em></strong></span> <span class='ocrx_word' id='word_1_213' title='bbox 651 3419 683 3482; x_wconf 85' lang='grc' dir='ltr'><strong><em>ού</em></strong></span> <span class='ocrx_word' id='word_1_214' title='bbox 697 3415 793 3496; x_wconf 78' lang='grc' dir='ltr'><strong><em>λέγω,</em></strong></span> <span class='ocrx_word' id='word_1_215' title='bbox 806 3415 850 3494; x_wconf 77' lang='grc' dir='ltr'><strong><em>μά</em></strong></span> <span class='ocrx_word' id='word_1_216' title='bbox 860 3437 905 3479; x_wconf 93' lang='grc' dir='ltr'><strong><em>σοι</em></strong></span> <span class='ocrx_word' id='word_1_217' title='bbox 918 3411 1049 3480; x_wconf 85' lang='grc' dir='ltr'><strong><em>άπιστύν</em></strong></span> 
     </span>
     <span class='ocr_line' id='line_1_27' title="bbox 91 3532 1051 3620; baseline 0.006 -23"><span class='ocrx_word' id='word_1_218' title='bbox 91 3556 121 3597; x_wconf 92' lang='grc' dir='ltr'><strong><em>τι</em></strong></span> <span class='ocrx_word' id='word_1_219' title='bbox 140 3533 213 3614; x_wconf 81' lang='grc' dir='ltr'><strong><em>δθξω</em></strong></span> <span class='ocrx_word' id='word_1_220' title='bbox 229 3538 297 3619; x_wconf 74' lang='grc' dir='ltr'><strong><em>περὶ</em></strong></span> <span class='ocrx_word' id='word_1_221' title='bbox 311 3539 448 3616; x_wconf 80' lang='grc' dir='ltr'><strong><em>ἐμαυτοῦ</em></strong></span> <span class='ocrx_word' id='word_1_222' title='bbox 461 3539 759 3620; x_wconf 79' lang='grc' dir='ltr'><strong><em>μεγαλαυχεῖσθαι·</em></strong></span> <span class='ocrx_word' id='word_1_223' title='bbox 773 3532 794 3602; x_wconf 80' lang='grc' dir='ltr'><strong><em>ά</em></strong></span> <span class='ocrx_word' id='word_1_224' title='bbox 807 3536 833 3602; x_wconf 88' lang='grc' dir='ltr'><strong><em>δ’</em></strong></span> <span class='ocrx_word' id='word_1_225' title='bbox 847 3536 877 3602; x_wconf 76' lang='grc' dir='ltr'><strong><em>ἐν</em></strong></span> <span class='ocrx_word' id='word_1_226' title='bbox 891 3533 1051 3620; x_wconf 86' lang='grc' dir='ltr'><strong><em>’Λμφιλθ-</em></strong></span> 
     </span>
    </p>
   </div>
   <div class='ocr_carea' id='block_1_3' title="bbox 0 0 1286 4132">
    <p class='ocr_par' dir='ltr' id='par_1_4' title="bbox 0 0 1286 4132">
     <span class='ocr_line' id='line_1_28' title="bbox 0 0 1286 4132; baseline 0 0"><span class='ocrx_word' id='word_1_227' title='bbox 0 0 1286 4132; x_wconf 95' lang='lat' dir='ltr'><strong><em> </em></strong></span> 
     </span>
    </p>
   </div>
  </div>
 </body>
</html>
