2562 4132
408 367 704 426 ΦΙΛΟΨΕΥΔΗΣ.
992 357 1035 427 37

17 607 19 616 ,
78 552 158 630 φωνῇ
182 549 212 619 ἐς
239 548 274 612 τδ
302 547 473 635 άσθενικόν,
503 545 590 614 ὁπότ’
616 545 678 615 εἶδέ
701 573 759 626 με,
784 548 883 614 καίτοι
905 547 1037 626 βοῶντος

80 669 170 734 αὐτοῦ
201 671 254 734 καί
291 668 513 748 διατεινομένου
546 693 576 734 τι
606 667 730 747 μεταξὺ
762 669 857 734 είσιῶν
881 668 1036 743 ἐπήκουον.
1106 654 1108 666 ’

77 789 160 868 κάγῶ
173 791 268 868 μάλα
282 789 554 874 πεφυλαγμένως,
570 793 615 868 μη
627 791 789 872 ψαύσαιμι
801 796 860 856 τῶν
872 789 969 855 ποδῶν
980 789 1035 854 αὖ·

78 916 144 990 τοῦ,
166 912 447 992 ἀπολογησάμενος
463 913 506 978 τά
528 913 636 988 συνήθη
658 917 781 992 ταῦτα,
795 915 834 985 ῶς
847 911 1036 990 άγνοάσαιμι

79 1038 216 1100 νοσοῦντα
238 1033 291 1099 καί
311 1035 369 1119 ῶς,
391 1035 458 1100 ἐπεὶ
480 1034 591 1113 ἔμαθον
602 1083 610 1113 ,
630 1033 771 1116 δρομαῖος
785 1034 919 1118 ἔλθοιμι,
933 1033 1038 1098 ἕκαθε-

79 1151 165 1234 ζόμην
185 1156 326 1232 πλησίον.
353 1155 383 1224 7.
404 1158 429 1221 οἱ
442 1157 499 1234 μὲν
512 1155 547 1232 δη
560 1156 739 1237 ἐτύγχανον
753 1157 833 1242 [ἤδη]
848 1155 915 1234 περί
928 1159 982 1220 τοῶ
994 1177 1039 1218 νο·

79 1276 212 1354 σήματος
233 1278 276 1342 τά
294 1278 350 1357 μὲν
364 1276 418 1353 ἤδη
431 1276 656 1358 προειρηκότες,
669 1277 711 1342 τά
724 1278 756 1342 δὲ
770 1277 821 1342 καί
835 1275 906 1342 τότε
918 1274 1038 1353 διεξιόν·

78 1420 135 1482 τες,
151 1395 210 1484 [ἐπι
228 1398 276 1485 δὲ]
295 1399 347 1463 καί
361 1398 525 1480 θεραπείας
537 1399 624 1469 τινάς
638 1396 769 1466 ἕκαστος
782 1396 1033 1476 ὑποβάλλοντες·

79 1517 91 1580 ό
109 1523 181 1596 γοῦν
201 1518 396 1598 Κλεόδημος,
412 1521 450 1586 Ei
463 1520 577 1596 τοίνυν,
590 1521 688 1605 φησί,
703 1530 740 1600 τη
753 1521 898 1602 άριστερρῖ
911 1541 957 1590 τις
970 1518 1037 1582 άνε·

80 1640 196 1717 λόμενος
218 1643 369 1722 χαμαῖθεν
389 1643 440 1708 τόν
461 1642 569 1709 όδόντα
589 1652 644 1720 τῆς
665 1649 815 1722 μυγαλῆς
835 1638 911 1707 οὕτω
929 1647 1038 1722 φονευ-

81 1761 191 1839 θείσης,
216 1766 256 1836 ῶς
281 1771 442 1844 προεῖπον,
469 1765 616 1840 ἐνδήσειεν
641 1766 684 1838 εἷς
711 1764 809 1845 δέρμα
829 1763 947 1834 λέοντος
968 1759 1037 1842 άρτι

80 1882 285 1965 άποδαρόντος,
298 1881 368 1950 εἶτα
383 1887 546 1968 περιάψειε
559 1887 626 1968 περί
640 1887 683 1952 τά
697 1887 803 1970 σκέλη,
816 1884 933 1949 αὐτίκα
945 1881 1041 1948 παθε-

81 2023 125 2068 ται
137 2008 171 2071 τί
184 2003 335 2084 άλγημα.
364 2009 432 2073 Οὐκ
444 2009 487 2079 είς
500 2005 617 2080 λέοντος
631 2054 639 2086 ,
654 2006 713 2089 ἐφη
728 2008 742 2072 ό
756 2003 962 2086 Δεινόμαχος,
977 2004 1037 2083 ἕγιδ

85 2121 206 2204 ηκουσα,
228 2125 352 2209 ἐλάφου
372 2127 404 2192 δὲ
424 2128 549 2203 θηλείας
570 2125 614 2192 ἐτι
635 2127 781 2206 παρθένου
795 2125 864 2212 [καί
878 2124 1035 2210 άβάτου]·’

83 2246 126 2309 καί
148 2248 183 2312 τθ
208 2250 348 2328 πρῶγμα
372 2247 448 2314 οὕτω
473 2249 689 2330 πιθανώτερον·
712 2250 770 2314 ῶκὺ
792 2249 856 2329 γάρ
877 2249 894 2323 ἡ
915 2246 1034 2328 ἔλαφος

82 2367 125 2428 καὶ
150 2368 275 2450 ἔρρωται
299 2370 446 2447 μάλιστα
470 2372 503 2436 ἐκ
525 2373 584 2435 τῶν
603 2371 713 2436 ποδῶν.
734 2371 748 2436 ό
770 2368 1034 2447 δὲλέωνάλκιμος

81 2484 148 2572 μέν,
168 2491 219 2556 καί
242 2491 277 2554 τὸ
294 2491 380 2564 λίπος
396 2493 492 2558 αὐτοῦ
505 2492 558 2558 καί
573 2494 589 2568 ἦ
601 2493 672 2574 χείρ
686 2494 703 2569 ἡ
717 2489 803 2568 δεξιά
816 2490 868 2556 καί
883 2491 915 2556 οιί
929 2490 1034 2570 τρίχες

81 2604 110 2669 ἐκ
128 2614 179 2673 τοῦ
200 2611 344 2689 πάγωνος
362 2613 394 2677 αἱ
418 2613 499 2694 όρθαί
511 2611 646 2692 μεγάλα
660 2613 792 2679 δύναιντ’
805 2609 859 2689 άν,
873 2611 902 2677 εί
911 2634 958 2683 τις
971 2610 1037 2675 ἐπί·
1057 2587 1061 2594 ⁸

81 2747 181 2794 σταιτο
203 2734 309 2806 αὐτοῖς
322 2737 458 2814 χρῆσθαι
470 2735 555 2814 μετά
567 2743 624 2810 τῆς
637 2734 750 2808 οἰκείας
765 2733 881 2814 ἐπῳδῆς
895 2731 1034 2813 ἑκάστῳ·

81 2847 169 2913 ποδῶν
188 2852 213 2916 δ’
228 2852 311 2918 ίασιν
333 2852 431 2929 ἥκιστ’
451 2854 706 2935 ἐπαγγέλλεται.
732 2853 791 2920 Καί
806 2852 918 2938 αὐτός,
932 2849 949 2927 ἦ
961 2849 989 2918 δ’
1003 2843 1034 2924 ἐς

82 2966 93 3028 ὃ
112 2972 301 3051 Κλεόδημος,
321 2971 398 3040 οὕτω
420 2975 524 3042 πάλαι
538 2979 728 3055 ἐγίγνωσκον
740 2973 861 3056 ἐλάφου
874 2981 986 3056 χρῆναι
999 2971 1034 3037 πθ

82 3083 171 3167 δέρμα
190 3089 266 3159 εἶναι
276 3076 290 3174 ,¹
300 3094 390 3180 [διότι
406 3097 465 3162 ῶκδ
480 3096 612 3184 ἐλαφος]
627 3118 634 3135 ·
649 3094 785 3176 ἔναγχος
799 3095 829 3160 δέ
843 3094 946 3172 Λίβυς
959 3094 1032 3172 άνίηρ

83 3212 169 3292 σοφός
190 3215 234 3281 τά
253 3221 384 3282 τοιαῦτα
404 3193 589 3296 μετεδίδαξέ
609 3221 644 3291 μ’
665 3219 755 3282 είπῶν
774 3216 934 3298 ὠκυτέρους
955 3211 1032 3280 εἶναι

84 3333 135 3394 τῶν
157 3335 281 3418 ἐλάφων
304 3339 374 3412 τοὺς
398 3339 538 3414 λέοντας.
566 3341 694 3418 άμέλει,
721 3337 799 3420 ἔφη,
825 3337 877 3401 καί
902 3337 1034 3417 αἱροῦσιν

85 3451 177 3528 αὐτάς
200 3457 365 3533 διώκοντες.
391 3461 543 3544 ἐπῄνεσαν
566 3463 592 3527 οί
617 3459 766 3542 παρόντες
784 3462 822 3531 ῶς
844 3454 877 3524 εὖ
896 3459 1032 3532 εἰπόντες

85 3577 131 3636 τοῦ
150 3579 275 3657 Λίβυος.
300 3579 330 3647 8.
354 3583 414 3662 ἐγὼ
437 3581 476 3661 δ’,
499 3582 608 3648 Οίεσθε
627 3581 706 3663 γάρ,
721 3579 812 3665 ἔφην,
827 3580 959 3663 ἐπῳδαῖς
971 3604 1032 3646 τισι
