2594 4128
267 359 332 426 110
620 366 888 424 ΛΟΤΚΙΑΝΟΤ’

265 551 316 616 καί
351 546 485 632 ἔκραζον.
530 547 692 614 πελέκεσιν
723 545 772 614 οὖν
795 549 1004 628 διακόψαντες
1028 546 1059 613 ἓν
1081 555 1139 613 τῶν
1161 552 1213 625 ᾠῶν

266 675 384 738 νεοττόν
404 669 537 750 ἀπτερον
557 669 798 751 ἐξεκολάψαμεν
818 669 910 736 είκοσι
931 675 1037 750 χυπῶν
1058 667 1212 748 ἀδρθτερον.

265 794 321 860 41.
335 794 402 859 ἐπεὶ
417 795 449 860 δὲ
461 793 606 880 πλέοντες
620 793 797 875 ἀπείχομεν
809 801 865 868 της
876 796 989 864 καλιάς
1003 789 1070 857 θσου
1083 790 1214 863 σταδίους

255 916 453 999 διακοσίους,
472 915 589 995 τέρατα
611 917 683 991 ημῖν
705 915 840 993 μεγάλα
861 913 912 979 καί
933 913 1215 991 θαυματτάἕπεσό·
1273 929 1274 986 3

188 1126 192 1139 ἱ
263 1061 378 1115 μανευ·
403 1033 472 1102 θτε
494 1037 557 1115 γὰρ
579 1038 608 1101 ἐν
627 1047 665 1120 τῇ
689 1037 809 1118 πρύμνη
828 1037 974 1119 χηνίσκος
993 1034 1083 1116 ἀφυιο
1102 1033 1214 1114 έπτερθ·

151 1155 153 1164 ’
263 1159 340 1238 ξατο
365 1158 417 1224 καί
439 1157 611 1242 ἀνεβόησε,
633 1158 685 1223 καὶ
705 1160 719 1223 ό
742 1159 929 1238 κυβερνήτης
952 1159 964 1224 ό
987 1159 1151 1237 Σκίνθαρος
1163 1163 1213 1234 φιν

263 1283 374 1360 λακρθς
398 1279 452 1358 ἤδη
474 1281 511 1346 θον
532 1278 724 1359 ἀνεκόμησε,
745 1281 796 1346 καὶ
818 1281 853 1345 τὸ
872 1279 996 1346 πάυτοον
1009 1280 1043 1355 δθρ
1058 1274 1211 1360 παραδοξί·
1274 1307 1275 1310 ’

263 1419 370 1474 τατον,
397 1402 410 1466 ό
435 1403 527 1486 [γάρ]
552 1403 635 1474 ἱστὸς
655 1413 711 1476 τῆς
732 1406 800 1476 νεὼς
822 1401 998 1483 έξέβλαστε
1019 1405 1073 1469 καί
1095 1402 1205 1468 κλάδιυι

266 1524 403 1607 ἀνέφυσε
427 1523 479 1588 καί
507 1524 557 1588 έπὶ
578 1525 620 1604 τῷ
640 1523 722 1604 ἀκρςο
744 1523 1002 1605 ἐκαρποφόρησεν,
1024 1525 1038 1588 θ
1059 1524 1092 1590 δὲ
1112 1521 1209 1604 καρπός
1275 1549 1276 1588 ι

265 1643 298 1722 ἦν
323 1650 404 1710 σῦκα
429 1645 481 1708 καί
503 1645 653 1724 σταφυλθρ
677 1645 831 1730 μέλαινα,
851 1646 934 1711 οὔπα
955 1645 1107 1724 πέπειρος.
1132 1637 1210 1709 ταῦτ’

265 1767 377 1838 ίδθντεο
397 1767 435 1836 ὥς
456 1765 491 1830 τό
508 1766 587 1839 εἰκὸς
601 1765 819 1848 ἕταράχθημεν
832 1768 884 1832 καί
899 1766 1063 1846 ηθχόμεθα
1075 1775 1138 1838 τοῖς
1153 1766 1212 1831 θεοῖς

265 1885 441 1968 ἀποτρέψαι
454 1888 489 1952 τό
502 1887 669 1952 ἀλλόκοτον
682 1893 735 1952 τοῦ
750 1887 994 1967 φαυτάσματος.
1020 1885 1076 1953 42.
1092 1887 1170 1953 οθπυ
1186 1881 1210 1945 δέ

263 2007 480 2082 πεντακοσίους
502 2007 645 2082 σταδίους
667 2007 834 2079 διελθόντες
851 2008 970 2086 είδομεν
982 2005 1058 2081 ὕλην
1071 2008 1210 2086 μεγίστην

264 2131 317 2197 καί
338 2129 444 2195 λάσιον
465 2129 581 2196 πιτύων
601 2129 653 2196 καὶ
672 2121 881 2210 κυπαρίττων.’
903 2130 955 2194 καί
969 2131 1058 2207 ἧμείς
1071 2122 1213 2207 μὲνείκά·

264 2271 366 2331 σαμεν
387 2251 505 2331 ἤπειρον
525 2246 620 2327 εἶναι,
642 2250 676 2314 τό
697 2250 723 2314 δ’
746 2243 779 2322 ἦν
792 2251 933 2329 πέλαγος
947 2249 1087 2328 ἀβυσσον
1100 2246 1212 2331 ἀρρίζοις

265 2373 389 2454 δένδροις
411 2371 749 2451 καταπεφυτευμένον·
772 2372 905 2448 είστιίκει
927 2371 957 2437 δὲ
974 2373 1017 2435 τά
1030 2371 1137 2452 δένδρα
1149 2365 1214 2445 όριυθ
1277 2441 1278 2464 ,

265 2493 415 2570 ἀκίνητα,
440 2492 510 2573 όρθά
531 2491 670 2572 καθάπερ
693 2492 893 2558 ἐπιπλέοντα,
927 2493 1161 2567 πληοιάσαντες
1178 2485 1215 2554 οὖν

265 2615 317 2680 καί
342 2614 378 2679 τὸ
402 2618 466 2680 πάν
488 2617 740 2690 Ικατανοήσαντες
765 2615 794 2679 έν
815 2615 918 2694 ἀπόρῳ
943 2614 1095 2695 εἰχόμεθα
1116 2615 1148 2679 τί
1166 2611 1211 2691 χιό

266 2735 355 2818 δράν·
379 2735 449 2810 οθτε
474 2737 537 2817 χάρ
561 2735 612 2802 διά
637 2743 695 2800 τῶν
721 2735 843 2814 δένδρων
868 2744 957 2800 πλεῖν
982 2737 1109 2802 δυνατὸν
1130 2734 1164 2811 ἦν
1183 2767 1211 2780 -

266 2857 369 2924 πνκνά
393 2858 456 2937 χάρ
481 2857 532 2922 καὶ
557 2864 698 2938 προσεχῆ
722 2858 914 2939 ὑπῆρχεν-
935 2855 1000 2922 οὔτ’
1022 2855 1214 2936 ἀναστρέφειν
1276 2863 1278 2872 ’

265 2976 360 3045 ε’δόκει
384 2978 495 3064 όρίδιου.
523 2978 583 3056 ἐγὼ
610 2978 636 3042 δ’
661 2979 792 3043 ἀνελθὼν
817 2979 867 3043 ε’πί
889 2980 924 3045 τὸ
944 2980 1094 3060 μέγιστον
1114 2975 1213 3055 δένδρα

264 3099 461 3165 ἀπεσκόπουν
489 3099 659 3164 τάπέκεινα
684 3094 762 3170 ὅπως
783 3096 863 3180 έχοι,
885 3098 937 3165 καί
955 3100 1048 3180 ἑώρων
1071 3101 1122 3164 ε’πὶ
1147 3117 1213 3160 στο-

265 3221 342 3295 δίους
363 3222 421 3299 μὲν
440 3223 632 3302 πεντήκοντα
654 3222 671 3296 ἢ
694 3221 789 3302 ίλίχορ
807 3221 930 3293 πλείους
950 3223 1005 3296 την
1028 3218 1104 3296 ὕλην
1123 3215 1213 3294 οὖσαν,

265 3341 376 3409 ἔπειτα
407 3341 435 3408 δ’
466 3337 550 3415 αὖθις
585 3337 682 3421 ἕτερον
708 3341 1073 3423 ὠκεανὸνὲκδεχόμενον.
1114 3340 1164 3404 καί
1186 3334 1214 3406 δθ

264 3462 358 3529 έδόκει
390 3465 463 3541 ἡμῖν
487 3461 692 3541 ἀναθεμένους
716 3465 771 3539 την
795 3469 869 3529 ναῦν
893 3464 943 3528 έπί
968 3465 1023 3538 την
1046 3463 1142 3543 κόμην
1165 3462 1215 3523 τῶν

263 3583 385 3666 δένδρων
406 3621 447 3634 -
470 3583 568 3664 πυκυίρ
587 3584 613 3649 δ’
634 3580 668 3658 ἦν
682 3621 723 3632 -
739 3581 972 3665 ὑπερβιβάοαι,
995 3585 1020 3650 εί
1042 3583 1210 3663 δυναίμεθα,
