<?xml version="1.0" encoding="UTF-8"?>
<!DOCTYPE html PUBLIC "-//W3C//DTD XHTML 1.0 Transitional//EN"
    "http://www.w3.org/TR/xhtml1/DTD/xhtml1-transitional.dtd">
<html xmlns="http://www.w3.org/1999/xhtml" xml:lang="en" lang="en">
 <head>
  <title>
</title>
<meta http-equiv="Content-Type" content="text/html;charset=utf-8" />
  <meta name='ocr-system' content='tesseract 3.04.00' />
  <meta name='ocr-capabilities' content='ocr_page ocr_carea ocr_par ocr_line ocrx_word'/>
</head>
<body>
  <div class='ocr_page' id='page_1' title='image "./dialogiquattuor00lucigoog_0146.png"; bbox 0 0 2562 4132; ppageno 0'>
   <div class='ocr_carea' id='block_1_1' title="bbox 282 321 1046 444">
    <p class='ocr_par' dir='ltr' id='par_1_1' title="bbox 282 321 1046 444">
     <span class='ocr_line' id='line_1_1' title="bbox 282 321 1046 444; baseline 0.005 -31"><span class='ocrx_word' id='word_1_1' title='bbox 282 321 285 326; x_wconf 65' lang='grc'><strong>’</strong></span> <span class='ocrx_word' id='word_1_2' title='bbox 383 437 385 444; x_wconf 17' lang='lat' dir='ltr'><em>s</em></span> <span class='ocrx_word' id='word_1_3' title='bbox 419 340 733 437; x_wconf 64' lang='grc' dir='ltr'><em>ψιλονΕπΔιιΣ,</em></span> <span class='ocrx_word' id='word_1_4' title='bbox 1004 350 1046 418; x_wconf 80' lang='lat'><em>55</em></span> 
     </span>
    </p>
   </div>
   <div class='ocr_carea' id='block_1_2' title="bbox 76 535 1097 3654">
    <p class='ocr_par' dir='ltr' id='par_1_2' title="bbox 76 535 1097 2803">
     <span class='ocr_line' id='line_1_2' title="bbox 76 535 1066 623; baseline 0.004 -21"><span class='ocrx_word' id='word_1_5' title='bbox 76 535 277 616; x_wconf 70' lang='grc' dir='ltr'><em>,μελάντερος</em></span> <span class='ocrx_word' id='word_1_6' title='bbox 310 542 363 602; x_wconf 82' lang='grc' dir='ltr'><em>τοῦ</em></span> <span class='ocrx_word' id='word_1_7' title='bbox 396 537 510 623; x_wconf 81' lang='grc' dir='ltr'><em>ζόφον,</em></span> <span class='ocrx_word' id='word_1_8' title='bbox 540 537 591 602; x_wconf 88' lang='grc' dir='ltr'><em>καί</em></span> <span class='ocrx_word' id='word_1_9' title='bbox 624 538 638 602; x_wconf 87' lang='grc' dir='ltr'><em>ό</em></span> <span class='ocrx_word' id='word_1_10' title='bbox 670 537 727 617; x_wconf 76' lang='grc' dir='ltr'><em>μὲν</em></span> <span class='ocrx_word' id='word_1_11' title='bbox 754 539 884 612; x_wconf 81' lang='grc' dir='ltr'><em>έπιστάς</em></span> <span class='ocrx_word' id='word_1_12' title='bbox 909 539 1053 621; x_wconf 82' lang='grc' dir='ltr'><em>ἕτειράτό</em></span> <span class='ocrx_word' id='word_1_13' title='bbox 1065 583 1066 586; x_wconf 60' lang='lat'><em>=</em></span> 
     </span>
     <span class='ocr_line' id='line_1_3' title="bbox 82 647 1052 743; baseline 0.004 -19"><span class='ocrx_word' id='word_1_14' title='bbox 82 681 146 736; x_wconf 86' lang='grc' dir='ltr'><em>μιν</em></span> <span class='ocrx_word' id='word_1_15' title='bbox 170 647 370 741; x_wconf 77' lang='grc' dir='ltr'><em>πανταχόθεν</em></span> <span class='ocrx_word' id='word_1_16' title='bbox 390 659 613 742; x_wconf 72' lang='grc' dir='ltr'><em>προσβάλλων,</em></span> <span class='ocrx_word' id='word_1_17' title='bbox 629 658 659 726; x_wconf 83' lang='grc' dir='ltr'><em>εἰ</em></span> <span class='ocrx_word' id='word_1_18' title='bbox 674 662 970 740; x_wconf 79' lang='grc' dir='ltr'><em>ποόενιιραπιίσειεν,</em></span> <span class='ocrx_word' id='word_1_19' title='bbox 983 660 1052 743; x_wconf 90' lang='grc' dir='ltr'><em>ἀρτι</em></span> 
     </span>
     <span class='ocr_line' id='line_1_4' title="bbox 82 779 1097 883; baseline 0.001 -37"><span class='ocrx_word' id='word_1_20' title='bbox 82 779 143 857; x_wconf 76' lang='grc' dir='ltr'><em>μὲν</em></span> <span class='ocrx_word' id='word_1_21' title='bbox 177 780 254 846; x_wconf 74' lang='grc' dir='ltr'><em>κείων</em></span> <span class='ocrx_word' id='word_1_22' title='bbox 285 779 353 860; x_wconf 86' lang='grc' dir='ltr'><em>ἀρτι</em></span> <span class='ocrx_word' id='word_1_23' title='bbox 387 781 419 846; x_wconf 81' lang='grc' dir='ltr'><em>δὲ</em></span> <span class='ocrx_word' id='word_1_24' title='bbox 440 784 549 861; x_wconf 81' lang='grc' dir='ltr'><em>ταῦρος</em></span> <span class='ocrx_word' id='word_1_25' title='bbox 572 779 754 861; x_wconf 83' lang='grc' dir='ltr'><em>γιγνόμενος</em></span> <span class='ocrx_word' id='word_1_26' title='bbox 783 781 799 857; x_wconf 78' lang='grc' dir='ltr'>ἢ</span> <span class='ocrx_word' id='word_1_27' title='bbox 824 781 907 847; x_wconf 89' lang='grc' dir='ltr'><em>λέων.</em></span> <span class='ocrx_word' id='word_1_28' title='bbox 934 782 994 860; x_wconf 80' lang='grc' dir='ltr'><em>ἐγὼ</em></span> <span class='ocrx_word' id='word_1_29' title='bbox 1019 782 1052 848; x_wconf 81' lang='grc' dir='ltr'><em>δὲ</em></span> <span class='ocrx_word' id='word_1_30' title='bbox 1095 871 1097 883; x_wconf 88' lang='lat'><em>.</em></span> 
     </span>
     <span class='ocr_line' id='line_1_5' title="bbox 83 902 1097 986; baseline 0 -18"><span class='ocrx_word' id='word_1_31' title='bbox 83 902 359 984; x_wconf 76' lang='grc' dir='ltr'><em>προχειρισόμενσς</em></span> <span class='ocrx_word' id='word_1_32' title='bbox 384 906 439 978; x_wconf 72' lang='grc' dir='ltr'><em>τὴν</em></span> <span class='ocrx_word' id='word_1_33' title='bbox 464 903 716 986; x_wconf 79' lang='grc' dir='ltr'><em>Φρικωδεστιίτην</em></span> <span class='ocrx_word' id='word_1_34' title='bbox 741 904 892 986; x_wconf 80' lang='grc' dir='ltr'><em>ἐπίρρησιν</em></span> <span class='ocrx_word' id='word_1_35' title='bbox 904 905 1066 984; x_wconf 85' lang='grc' dir='ltr'><em>αἰγυπτι-.</em></span> <span class='ocrx_word' id='word_1_36' title='bbox 1096 917 1097 924; x_wconf 76' lang='grc'>’</span> 
     </span>
     <span class='ocr_line' id='line_1_6' title="bbox 83 1021 1051 1109; baseline 0.003 -21"><span class='ocrx_word' id='word_1_37' title='bbox 83 1021 169 1106; x_wconf 81' lang='grc' dir='ltr'><em>ἀζων</em></span> <span class='ocrx_word' id='word_1_38' title='bbox 189 1034 228 1107; x_wconf 71' lang='grc' dir='ltr'><em>τῇ</em></span> <span class='ocrx_word' id='word_1_39' title='bbox 249 1031 336 1107; x_wconf 71' lang='grc' dir='ltr'><em>Φωνῇ</em></span> <span class='ocrx_word' id='word_1_40' title='bbox 350 1024 513 1101; x_wconf 76' lang='grc' dir='ltr'><em>συνήλασα</em></span> <span class='ocrx_word' id='word_1_41' title='bbox 526 1024 671 1109; x_wconf 80' lang='grc' dir='ltr'><em>κατρίδων</em></span> <span class='ocrx_word' id='word_1_42' title='bbox 685 1023 779 1089; x_wconf 82' lang='grc' dir='ltr'><em>αὐτὸν</em></span> <span class='ocrx_word' id='word_1_43' title='bbox 792 1023 834 1098; x_wconf 87' lang='grc' dir='ltr'><em>εἰς</em></span> <span class='ocrx_word' id='word_1_44' title='bbox 853 1049 922 1090; x_wconf 93' lang='grc' dir='ltr'><em>τινα</em></span> <span class='ocrx_word' id='word_1_45' title='bbox 936 1026 1051 1104; x_wconf 89' lang='grc' dir='ltr'><em>γωνίαν</em></span> 
     </span>
     <span class='ocr_line' id='line_1_7' title="bbox 83 1142 1052 1225; baseline 0.001 -15"><span class='ocrx_word' id='word_1_46' title='bbox 83 1147 242 1221; x_wconf 81' lang='grc' dir='ltr'><em>σκστεινίρν</em></span> <span class='ocrx_word' id='word_1_47' title='bbox 265 1151 319 1211; x_wconf 84' lang='grc' dir='ltr'><em>τοῦ</em></span> <span class='ocrx_word' id='word_1_48' title='bbox 344 1148 531 1223; x_wconf 69' lang='grc' dir='ltr'><em>οἰκήματος·</em></span> <span class='ocrx_word' id='word_1_49' title='bbox 555 1145 621 1211; x_wconf 82' lang='grc' dir='ltr'><em>ἰδὼν</em></span> <span class='ocrx_word' id='word_1_50' title='bbox 642 1142 670 1211; x_wconf 89' lang='grc' dir='ltr'><em>δ’</em></span> <span class='ocrx_word' id='word_1_51' title='bbox 692 1145 785 1210; x_wconf 84' lang='grc' dir='ltr'><em>αἰτόν</em></span> <span class='ocrx_word' id='word_1_52' title='bbox 805 1143 839 1210; x_wconf 83' lang='grc' dir='ltr'><em>σιί</em></span> <span class='ocrx_word' id='word_1_53' title='bbox 861 1146 993 1225; x_wconf 85' lang='grc' dir='ltr'><em>κατέδυ,</em></span> <span class='ocrx_word' id='word_1_54' title='bbox 1017 1146 1052 1211; x_wconf 81' lang='grc' dir='ltr'><em>τό</em></span> 
     </span>
     <span class='ocr_line' id='line_1_8' title="bbox 82 1263 1048 1345; baseline 0.001 -15"><span class='ocrx_word' id='word_1_55' title='bbox 82 1265 191 1332; x_wconf 80' lang='grc' dir='ltr'><em>λοιπόν</em></span> <span class='ocrx_word' id='word_1_56' title='bbox 215 1266 427 1344; x_wconf 74' lang='grc' dir='ltr'><em>ἀνεπαυόμην.</em></span> <span class='ocrx_word' id='word_1_57' title='bbox 449 1263 536 1331; x_wconf 82' lang='grc' dir='ltr'><em>έωόεν</em></span> <span class='ocrx_word' id='word_1_58' title='bbox 555 1266 587 1333; x_wconf 75' lang='grc' dir='ltr'><em>δέ</em></span> <span class='ocrx_word' id='word_1_59' title='bbox 607 1266 733 1331; x_wconf 88' lang='grc' dir='ltr'><em>πάντων</em></span> <span class='ocrx_word' id='word_1_60' title='bbox 753 1268 980 1345; x_wconf 67' lang='grc' dir='ltr'><em>ἀπεγνωκότων</em></span> <span class='ocrx_word' id='word_1_61' title='bbox 996 1267 1048 1332; x_wconf 80' lang='grc' dir='ltr'><em>καί</em></span> 
     </span>
     <span class='ocr_line' id='line_1_9' title="bbox 82 1380 1050 1478; baseline 0.002 -26"><span class='ocrx_word' id='word_1_62' title='bbox 82 1387 187 1468; x_wconf 79' lang='grc' dir='ltr'><em>νεκρόν</em></span> <span class='ocrx_word' id='word_1_63' title='bbox 222 1389 354 1478; x_wconf 74' lang='grc' dir='ltr'><em>εὑρήσειν</em></span> <span class='ocrx_word' id='word_1_64' title='bbox 391 1389 474 1467; x_wconf 83' lang='grc' dir='ltr'><em>κάμὲ</em></span> <span class='ocrx_word' id='word_1_65' title='bbox 502 1380 641 1466; x_wconf 77' lang='grc' dir='ltr'><em>οἰομένων</em></span> <span class='ocrx_word' id='word_1_66' title='bbox 661 1388 800 1469; x_wconf 84' lang='grc' dir='ltr'><em>καίάτερ</em></span> <span class='ocrx_word' id='word_1_67' title='bbox 825 1389 895 1461; x_wconf 79' lang='grc' dir='ltr'><em>τοὺς</em></span> <span class='ocrx_word' id='word_1_68' title='bbox 915 1388 1050 1476; x_wconf 75' lang='grc' dir='ltr'><em>ἀλλους,</em></span> 
     </span>
     <span class='ocr_line' id='line_1_10' title="bbox 83 1507 1049 1606; baseline 0.002 -32"><span class='ocrx_word' id='word_1_69' title='bbox 83 1507 237 1590; x_wconf 77' lang='grc' dir='ltr'><em>προελόίρν</em></span> <span class='ocrx_word' id='word_1_70' title='bbox 262 1507 486 1606; x_wconf 72' lang='grc' dir='ltr'><em>ἀπροσδόκητος</em></span> <span class='ocrx_word' id='word_1_71' title='bbox 511 1507 613 1575; x_wconf 83' lang='grc' dir='ltr'><em>ἀπασι</em></span> <span class='ocrx_word' id='word_1_72' title='bbox 637 1509 779 1602; x_wconf 79' lang='grc' dir='ltr'><em>πρόσειμι</em></span> <span class='ocrx_word' id='word_1_73' title='bbox 804 1510 846 1590; x_wconf 78' lang='grc' dir='ltr'><em>τῷ</em></span> <span class='ocrx_word' id='word_1_74' title='bbox 869 1510 1049 1592; x_wconf 75' lang='grc' dir='ltr'><em>Εὐβατιδρ,</em></span> 
     </span>
     <span class='ocr_line' id='line_1_11' title="bbox 79 1625 1047 1716; baseline 0.001 -21"><span class='ocrx_word' id='word_1_75' title='bbox 79 1629 369 1712; x_wconf 82' lang='grc' dir='ltr'><em>εὐαγγελιζόμενος</em></span> <span class='ocrx_word' id='word_1_76' title='bbox 391 1631 505 1716; x_wconf 77' lang='grc' dir='ltr'><em>[αὐτῷ]</em></span> <span class='ocrx_word' id='word_1_77' title='bbox 520 1625 564 1695; x_wconf 85' lang='grc' dir='ltr'><em>ότι</em></span> <span class='ocrx_word' id='word_1_78' title='bbox 579 1631 716 1710; x_wconf 88' lang='grc' dir='ltr'><em>καόαράν</em></span> <span class='ocrx_word' id='word_1_79' title='bbox 729 1631 781 1695; x_wconf 84' lang='grc' dir='ltr'><em>καί</em></span> <span class='ocrx_word' id='word_1_80' title='bbox 795 1631 980 1709; x_wconf 70' lang='grc' dir='ltr'><em>ἀδείμαντον</em></span> <span class='ocrx_word' id='word_1_81' title='bbox 993 1630 1047 1706; x_wconf 72' lang='grc' dir='ltr'><em>ἤδη</em></span> 
     </span>
     <span class='ocr_line' id='line_1_12' title="bbox 84 1747 1086 1831; baseline 0 -16"><span class='ocrx_word' id='word_1_82' title='bbox 84 1749 210 1827; x_wconf 75' lang='grc' dir='ltr'><em>ἐξέσται</em></span> <span class='ocrx_word' id='word_1_83' title='bbox 242 1753 296 1826; x_wconf 79' lang='grc' dir='ltr'><em>τίρν</em></span> <span class='ocrx_word' id='word_1_84' title='bbox 329 1751 426 1818; x_wconf 91' lang='grc' dir='ltr'><em>οἰκίαν</em></span> <span class='ocrx_word' id='word_1_85' title='bbox 459 1747 561 1817; x_wconf 80' lang='grc' dir='ltr'><em>οἰκεῖν.</em></span> <span class='ocrx_word' id='word_1_86' title='bbox 593 1749 790 1831; x_wconf 77' lang='grc' dir='ltr'><em>παραλαβὼν</em></span> <span class='ocrx_word' id='word_1_87' title='bbox 821 1749 870 1817; x_wconf 80' lang='grc' dir='ltr'><em>οὖν</em></span> <span class='ocrx_word' id='word_1_88' title='bbox 897 1750 991 1818; x_wconf 79' lang='grc' dir='ltr'><em>αὐτόν</em></span> <span class='ocrx_word' id='word_1_89' title='bbox 1013 1775 1049 1816; x_wconf 82' lang='grc' dir='ltr'><em>τε</em></span> <span class='ocrx_word' id='word_1_90' title='bbox 1085 1777 1086 1787; x_wconf 61' lang='grc'>’</span> 
     </span>
     <span class='ocr_line' id='line_1_13' title="bbox 84 1870 1049 1954; baseline -0.002 -16"><span class='ocrx_word' id='word_1_91' title='bbox 84 1872 137 1938; x_wconf 88' lang='grc' dir='ltr'><em>καί</em></span> <span class='ocrx_word' id='word_1_92' title='bbox 165 1873 224 1936; x_wconf 79' lang='grc' dir='ltr'><em>τῶν</em></span> <span class='ocrx_word' id='word_1_93' title='bbox 248 1870 354 1937; x_wconf 86' lang='grc' dir='ltr'><em>ἀλλων</em></span> <span class='ocrx_word' id='word_1_94' title='bbox 381 1874 514 1946; x_wconf 83' lang='grc' dir='ltr'><em>πολλοὺς</em></span> <span class='ocrx_word' id='word_1_95' title='bbox 540 1913 582 1926; x_wconf 87' lang='lat'><em>--</em></span> <span class='ocrx_word' id='word_1_96' title='bbox 607 1870 725 1938; x_wconf 77' lang='grc' dir='ltr'><em>εἵποντο</em></span> <span class='ocrx_word' id='word_1_97' title='bbox 751 1873 813 1954; x_wconf 87' lang='grc' dir='ltr'><em>γάρ</em></span> <span class='ocrx_word' id='word_1_98' title='bbox 837 1877 891 1938; x_wconf 79' lang='grc' dir='ltr'><em>τοῦ</em></span> <span class='ocrx_word' id='word_1_99' title='bbox 916 1870 1049 1954; x_wconf 89' lang='grc' dir='ltr'><em>παραδό-</em></span> 
     </span>
     <span class='ocr_line' id='line_1_14' title="bbox 85 1989 1047 2080; baseline -0.002 -20"><span class='ocrx_word' id='word_1_100' title='bbox 85 1995 136 2070; x_wconf 80' lang='grc' dir='ltr'><em>ξου</em></span> <span class='ocrx_word' id='word_1_101' title='bbox 158 1991 306 2060; x_wconf 84' lang='grc' dir='ltr'><em>ένεκα-</em></span> <span class='ocrx_word' id='word_1_102' title='bbox 328 1994 466 2061; x_wconf 85' lang='grc' dir='ltr'><em>ε’κέλενον</em></span> <span class='ocrx_word' id='word_1_103' title='bbox 497 1993 631 2073; x_wconf 79' lang='grc' dir='ltr'><em>ἀγαγὼν</em></span> <span class='ocrx_word' id='word_1_104' title='bbox 656 1993 706 2058; x_wconf 81' lang='grc' dir='ltr'><em>έπί</em></span> <span class='ocrx_word' id='word_1_105' title='bbox 732 1995 783 2058; x_wconf 82' lang='grc' dir='ltr'><em>τὸν</em></span> <span class='ocrx_word' id='word_1_106' title='bbox 803 1993 906 2080; x_wconf 79' lang='grc' dir='ltr'><em>τόπον,</em></span> <span class='ocrx_word' id='word_1_107' title='bbox 931 1989 965 2058; x_wconf 79' lang='grc' dir='ltr'><em>οὗ</em></span> <span class='ocrx_word' id='word_1_108' title='bbox 988 2018 1047 2058; x_wconf 90' lang='grc' dir='ltr'><em>κα-</em></span> 
     </span>
     <span class='ocr_line' id='line_1_15' title="bbox 89 2113 1048 2195; baseline 0 -16"><span class='ocrx_word' id='word_1_109' title='bbox 89 2114 276 2182; x_wconf 80' lang='grc' dir='ltr'><em>ταδεδυκότα</em></span> <span class='ocrx_word' id='word_1_110' title='bbox 300 2117 352 2182; x_wconf 83' lang='grc' dir='ltr'><em>τόν</em></span> <span class='ocrx_word' id='word_1_111' title='bbox 377 2115 511 2194; x_wconf 87' lang='grc' dir='ltr'><em>δαίμονα</em></span> <span class='ocrx_word' id='word_1_112' title='bbox 535 2114 685 2195; x_wconf 85' lang='grc' dir='ltr'><em>έωράκειν,</em></span> <span class='ocrx_word' id='word_1_113' title='bbox 713 2113 866 2179; x_wconf 85' lang='grc' dir='ltr'><em>σκάπτειν</em></span> <span class='ocrx_word' id='word_1_114' title='bbox 885 2113 1048 2193; x_wconf 79' lang='grc' dir='ltr'><em>λαβόντας</em></span> 
     </span>
     <span class='ocr_line' id='line_1_16' title="bbox 89 2234 1048 2330; baseline -0.001 -29"><span class='ocrx_word' id='word_1_115' title='bbox 89 2235 233 2310; x_wconf 80' lang='grc' dir='ltr'><em>δικέλλας</em></span> <span class='ocrx_word' id='word_1_116' title='bbox 258 2237 310 2302; x_wconf 84' lang='grc' dir='ltr'><em>καί</em></span> <span class='ocrx_word' id='word_1_117' title='bbox 333 2241 497 2319; x_wconf 74' lang='grc' dir='ltr'><em>σκαφεῖα,</em></span> <span class='ocrx_word' id='word_1_118' title='bbox 523 2237 575 2301; x_wconf 89' lang='grc' dir='ltr'><em>καί</em></span> <span class='ocrx_word' id='word_1_119' title='bbox 593 2234 697 2330; x_wconf 68' lang='grc' dir='ltr'><em>ἐπειδὴ</em></span> <span class='ocrx_word' id='word_1_120' title='bbox 720 2236 877 2312; x_wconf 72' lang='grc' dir='ltr'><em>ἐποίησαν,</em></span> <span class='ocrx_word' id='word_1_121' title='bbox 897 2234 1048 2316; x_wconf 81' lang='grc' dir='ltr'><em>εὑρέόνοίς</em></span> 
     </span>
     <span class='ocr_line' id='line_1_17' title="bbox 84 2354 1045 2439; baseline -0.001 -16"><span class='ocrx_word' id='word_1_122' title='bbox 84 2358 135 2423; x_wconf 81' lang='grc' dir='ltr'><em>ἐπ’</em></span> <span class='ocrx_word' id='word_1_123' title='bbox 150 2358 276 2438; x_wconf 85' lang='grc' dir='ltr'><em>όργνιάν</em></span> <span class='ocrx_word' id='word_1_124' title='bbox 300 2357 568 2439; x_wconf 84' lang='grc' dir='ltr'><em>κατορωρυγμένος</em></span> <span class='ocrx_word' id='word_1_125' title='bbox 593 2382 640 2430; x_wconf 87' lang='grc' dir='ltr'><em>τις</em></span> <span class='ocrx_word' id='word_1_126' title='bbox 665 2361 762 2438; x_wconf 83' lang='grc' dir='ltr'><em>νεκρὸς</em></span> <span class='ocrx_word' id='word_1_127' title='bbox 784 2354 874 2431; x_wconf 79' lang='grc' dir='ltr'><em>ἕωλος</em></span> <span class='ocrx_word' id='word_1_128' title='bbox 899 2358 979 2434; x_wconf 88' lang='grc' dir='ltr'><em>μόνα</em></span> <span class='ocrx_word' id='word_1_129' title='bbox 1002 2357 1045 2422; x_wconf 86' lang='grc' dir='ltr'><em>τά</em></span> 
     </span>
     <span class='ocr_line' id='line_1_18' title="bbox 83 2475 1045 2562; baseline -0.001 -18"><span class='ocrx_word' id='word_1_130' title='bbox 83 2481 162 2545; x_wconf 82' lang='grc' dir='ltr'><em>όστά</em></span> <span class='ocrx_word' id='word_1_131' title='bbox 186 2481 271 2544; x_wconf 84' lang='grc' dir='ltr'><em>κατά</em></span> <span class='ocrx_word' id='word_1_132' title='bbox 299 2489 413 2560; x_wconf 72' lang='grc' dir='ltr'><em>σχῆμα</em></span> <span class='ocrx_word' id='word_1_133' title='bbox 437 2482 653 2562; x_wconf 77' lang='grc' dir='ltr'><em>συγκείμενος.Ι</em></span> <span class='ocrx_word' id='word_1_134' title='bbox 688 2481 799 2545; x_wconf 79' lang='grc' dir='ltr'><em>ἐκεῖνον</em></span> <span class='ocrx_word' id='word_1_135' title='bbox 822 2479 879 2557; x_wconf 79' lang='grc' dir='ltr'><em>μὲν</em></span> <span class='ocrx_word' id='word_1_136' title='bbox 902 2479 951 2543; x_wconf 82' lang='grc' dir='ltr'><em>σόν</em></span> <span class='ocrx_word' id='word_1_137' title='bbox 976 2475 1045 2543; x_wconf 84' lang='grc' dir='ltr'><em>ε’όά-</em></span> 
     </span>
     <span class='ocr_line' id='line_1_19' title="bbox 81 2597 1046 2686; baseline 0 -22"><span class='ocrx_word' id='word_1_138' title='bbox 81 2606 192 2680; x_wconf 74' lang='grc' dir='ltr'><em>φαμεν</em></span> <span class='ocrx_word' id='word_1_139' title='bbox 225 2600 444 2686; x_wconf 76' lang='grc' dir='ltr'><em>ἀνορύξαντες,</em></span> <span class='ocrx_word' id='word_1_140' title='bbox 471 2604 487 2672; x_wconf 83' lang='grc' dir='ltr'><em>ιί</em></span> <span class='ocrx_word' id='word_1_141' title='bbox 513 2601 592 2667; x_wconf 92' lang='grc' dir='ltr'><em>οἰκία</em></span> <span class='ocrx_word' id='word_1_142' title='bbox 617 2600 648 2666; x_wconf 81' lang='grc' dir='ltr'><em>δέ</em></span> <span class='ocrx_word' id='word_1_143' title='bbox 672 2602 706 2666; x_wconf 86' lang='grc' dir='ltr'><em>τδ</em></span> <span class='ocrx_word' id='word_1_144' title='bbox 732 2597 789 2665; x_wconf 91' lang='grc' dir='ltr'><em>ἀπ’</em></span> <span class='ocrx_word' id='word_1_145' title='bbox 813 2599 924 2665; x_wconf 83' lang='grc' dir='ltr'><em>ἐκείνου</em></span> <span class='ocrx_word' id='word_1_146' title='bbox 949 2598 1046 2666; x_wconf 85' lang='grc' dir='ltr'><em>ε’παιί·</em></span> 
     </span>
     <span class='ocr_line' id='line_1_20' title="bbox 82 2721 772 2803; baseline -0.001 -16"><span class='ocrx_word' id='word_1_147' title='bbox 82 2745 162 2788; x_wconf 89' lang='grc' dir='ltr'><em>σατο</em></span> <span class='ocrx_word' id='word_1_148' title='bbox 185 2721 390 2802; x_wconf 71' lang='grc' dir='ltr'><em>ἐνοχλουμένη</em></span> <span class='ocrx_word' id='word_1_149' title='bbox 417 2723 474 2787; x_wconf 81' lang='grc' dir='ltr'><em>ὑπὸ</em></span> <span class='ocrx_word' id='word_1_150' title='bbox 498 2729 557 2789; x_wconf 80' lang='grc' dir='ltr'><em>τῶν</em></span> <span class='ocrx_word' id='word_1_151' title='bbox 580 2721 772 2803; x_wconf 80' lang='grc' dir='ltr'><em>Φασμάτων.</em></span> 
     </span>
    </p>

    <p class='ocr_par' dir='ltr' id='par_1_3' title="bbox 78 2821 1055 3654">
     <span class='ocr_line' id='line_1_21' title="bbox 129 2821 1055 2946; baseline -0.004 -36"><span class='ocrx_word' id='word_1_152' title='bbox 129 2843 185 2910; x_wconf 79' lang='grc'><em>32.</em></span> <span class='ocrx_word' id='word_1_153' title='bbox 210 2847 272 2915; x_wconf 83' lang='grc' dir='ltr'><em>Ὡς</em></span> <span class='ocrx_word' id='word_1_154' title='bbox 298 2843 328 2908; x_wconf 77' lang='grc' dir='ltr'><em>δὲ</em></span> <span class='ocrx_word' id='word_1_155' title='bbox 352 2847 444 2910; x_wconf 82' lang='grc' dir='ltr'><em>ταῦτ’</em></span> <span class='ocrx_word' id='word_1_156' title='bbox 469 2841 554 2910; x_wconf 81' lang='grc' dir='ltr'><em>εἶπεν</em></span> <span class='ocrx_word' id='word_1_157' title='bbox 579 2845 593 2909; x_wconf 86' lang='grc' dir='ltr'><em>ό</em></span> <span class='ocrx_word' id='word_1_158' title='bbox 618 2844 821 2925; x_wconf 88' lang='grc' dir='ltr'><em>Ἀρίγνωτος,</em></span> <span class='ocrx_word' id='word_1_159' title='bbox 848 2844 920 2946; x_wconf 70' lang='grc' dir='ltr'><em>ἀνίρρ</em></span> <span class='ocrx_word' id='word_1_160' title='bbox 946 2821 1055 2920; x_wconf 83' lang='grc' dir='ltr'><em>δαιμό-</em></span> 
     </span>
     <span class='ocr_line' id='line_1_22' title="bbox 83 2957 1042 3048; baseline -0.001 -17"><span class='ocrx_word' id='word_1_161' title='bbox 83 2990 142 3042; x_wconf 88' lang='grc' dir='ltr'><em>νιος</em></span> <span class='ocrx_word' id='word_1_162' title='bbox 173 2966 228 3041; x_wconf 76' lang='grc' dir='ltr'><em>τίρν</em></span> <span class='ocrx_word' id='word_1_163' title='bbox 260 2965 374 3048; x_wconf 81' lang='grc' dir='ltr'><em>σοφίαν</em></span> <span class='ocrx_word' id='word_1_164' title='bbox 402 2967 454 3032; x_wconf 86' lang='grc' dir='ltr'><em>καί</em></span> <span class='ocrx_word' id='word_1_165' title='bbox 480 2963 600 3031; x_wconf 87' lang='grc' dir='ltr'><em>ἀπασιν</em></span> <span class='ocrx_word' id='word_1_166' title='bbox 623 2965 796 3043; x_wconf 82' lang='grc' dir='ltr'><em>αἰδέσιμος,</em></span> <span class='ocrx_word' id='word_1_167' title='bbox 821 2957 915 3036; x_wconf 74' lang='grc' dir='ltr'><em>οὐδείς</em></span> <span class='ocrx_word' id='word_1_168' title='bbox 939 2960 972 3038; x_wconf 79' lang='grc' dir='ltr'><em>ἦν</em></span> <span class='ocrx_word' id='word_1_169' title='bbox 998 2962 1042 3030; x_wconf 79' lang='grc' dir='ltr'><em>ἔτι</em></span> 
     </span>
     <span class='ocr_line' id='line_1_23' title="bbox 84 3083 1042 3169; baseline -0.004 -17"><span class='ocrx_word' id='word_1_170' title='bbox 84 3092 143 3154; x_wconf 78' lang='grc' dir='ltr'><em>τῶν</em></span> <span class='ocrx_word' id='word_1_171' title='bbox 173 3085 329 3165; x_wconf 88' lang='grc' dir='ltr'><em>παρόντοιν</em></span> <span class='ocrx_word' id='word_1_172' title='bbox 352 3083 383 3161; x_wconf 80' lang='grc' dir='ltr'><em>ὃς</em></span> <span class='ocrx_word' id='word_1_173' title='bbox 408 3085 478 3169; x_wconf 78' lang='grc' dir='ltr'><em>οὐχί</em></span> <span class='ocrx_word' id='word_1_174' title='bbox 504 3087 739 3167; x_wconf 70' lang='grc' dir='ltr'><em>κατεγίγνωσκέ</em></span> <span class='ocrx_word' id='word_1_175' title='bbox 762 3110 820 3164; x_wconf 87' lang='grc' dir='ltr'><em>μιν</em></span> <span class='ocrx_word' id='word_1_176' title='bbox 846 3087 964 3159; x_wconf 72' lang='grc' dir='ltr'><em>πολλὴν</em></span> <span class='ocrx_word' id='word_1_177' title='bbox 988 3085 1042 3162; x_wconf 69' lang='grc' dir='ltr'><em>τὴν</em></span> 
     </span>
     <span class='ocr_line' id='line_1_24' title="bbox 84 3206 1042 3292; baseline -0.003 -19"><span class='ocrx_word' id='word_1_178' title='bbox 84 3206 190 3274; x_wconf 84' lang='grc' dir='ltr'><em>ἀνοιαν</em></span> <span class='ocrx_word' id='word_1_179' title='bbox 213 3216 276 3280; x_wconf 79' lang='grc' dir='ltr'><em>τοῖς</em></span> <span class='ocrx_word' id='word_1_180' title='bbox 300 3208 444 3280; x_wconf 80' lang='grc' dir='ltr'><em>τοιούτοις</em></span> <span class='ocrx_word' id='word_1_181' title='bbox 468 3211 686 3292; x_wconf 79' lang='grc' dir='ltr'><em>ἀπιστοῦντος,</em></span> <span class='ocrx_word' id='word_1_182' title='bbox 711 3208 762 3274; x_wconf 89' lang='grc' dir='ltr'><em>καί</em></span> <span class='ocrx_word' id='word_1_183' title='bbox 788 3209 880 3272; x_wconf 82' lang='grc' dir='ltr'><em>ταῦτ’</em></span> <span class='ocrx_word' id='word_1_184' title='bbox 897 3206 1042 3286; x_wconf 84' lang='grc' dir='ltr'><em>Ἀριγνιί·</em></span> 
     </span>
     <span class='ocr_line' id='line_1_25' title="bbox 84 3323 1042 3409; baseline -0.004 -15"><span class='ocrx_word' id='word_1_185' title='bbox 84 3352 138 3394; x_wconf 90' lang='grc' dir='ltr'><em>τον</em></span> <span class='ocrx_word' id='word_1_186' title='bbox 162 3327 320 3408; x_wconf 85' lang='grc' dir='ltr'><em>λέγοντος.</em></span> <span class='ocrx_word' id='word_1_187' title='bbox 348 3330 408 3406; x_wconf 78' lang='grc' dir='ltr'><em>ε’γίι</em></span> <span class='ocrx_word' id='word_1_188' title='bbox 430 3330 455 3395; x_wconf 89' lang='grc' dir='ltr'><em>δ’</em></span> <span class='ocrx_word' id='word_1_189' title='bbox 483 3323 562 3406; x_wconf 83' lang='grc' dir='ltr'><em>όμως</em></span> <span class='ocrx_word' id='word_1_190' title='bbox 586 3329 667 3394; x_wconf 81' lang='grc' dir='ltr'><em>οὐδὲν</em></span> <span class='ocrx_word' id='word_1_191' title='bbox 687 3327 798 3409; x_wconf 83' lang='grc' dir='ltr'><em>τρέσας</em></span> <span class='ocrx_word' id='word_1_192' title='bbox 821 3327 891 3394; x_wconf 81' lang='grc' dir='ltr'><em>οὔτε</em></span> <span class='ocrx_word' id='word_1_193' title='bbox 916 3326 970 3399; x_wconf 69' lang='grc' dir='ltr'><em>τὴν</em></span> <span class='ocrx_word' id='word_1_194' title='bbox 994 3325 1042 3391; x_wconf 91' lang='grc' dir='ltr'><em>κό-</em></span> 
     </span>
     <span class='ocr_line' id='line_1_26' title="bbox 78 3443 1042 3531; baseline -0.009 -12"><span class='ocrx_word' id='word_1_195' title='bbox 78 3473 146 3528; x_wconf 82' lang='grc' dir='ltr'><em>,μνρν</em></span> <span class='ocrx_word' id='word_1_196' title='bbox 170 3446 240 3514; x_wconf 82' lang='grc' dir='ltr'><em>οὕτε</em></span> <span class='ocrx_word' id='word_1_197' title='bbox 263 3451 317 3526; x_wconf 78' lang='grc' dir='ltr'><em>τίρν</em></span> <span class='ocrx_word' id='word_1_198' title='bbox 341 3447 433 3526; x_wconf 76' lang='grc' dir='ltr'><em>δόξαν</em></span> <span class='ocrx_word' id='word_1_199' title='bbox 456 3451 510 3526; x_wconf 69' lang='grc' dir='ltr'><em>τὴν</em></span> <span class='ocrx_word' id='word_1_200' title='bbox 535 3449 601 3531; x_wconf 77' lang='grc' dir='ltr'><em>περὶ</em></span> <span class='ocrx_word' id='word_1_201' title='bbox 626 3453 740 3527; x_wconf 82' lang='grc' dir='ltr'><em>αὐτοῦ,</em></span> <span class='ocrx_word' id='word_1_202' title='bbox 765 3455 807 3514; x_wconf 89' lang='grc' dir='ltr'><em>Τί</em></span> <span class='ocrx_word' id='word_1_203' title='bbox 830 3447 927 3525; x_wconf 81' lang='grc' dir='ltr'><em>τοῦτ’,</em></span> <span class='ocrx_word' id='word_1_204' title='bbox 952 3443 1042 3529; x_wconf 79' lang='grc' dir='ltr'><em>έφιρν,</em></span> 
     </span>
     <span class='ocr_line' id='line_1_27' title="bbox 87 3568 1044 3654; baseline 0.002 -18"><span class='ocrx_word' id='word_1_205' title='bbox 87 3568 108 3636; x_wconf 80' lang='grc' dir='ltr'><em>’ἀ</em></span> <span class='ocrx_word' id='word_1_206' title='bbox 132 3571 317 3651; x_wconf 79' lang='grc' dir='ltr'><em>Ἀρίγνωτε,</em></span> <span class='ocrx_word' id='word_1_207' title='bbox 339 3571 391 3638; x_wconf 85' lang='grc' dir='ltr'><em>καί</em></span> <span class='ocrx_word' id='word_1_208' title='bbox 415 3572 452 3636; x_wconf 84' lang='grc' dir='ltr'><em>σὺ</em></span> <span class='ocrx_word' id='word_1_209' title='bbox 477 3575 609 3644; x_wconf 81' lang='grc' dir='ltr'><em>τοιοῦτος</em></span> <span class='ocrx_word' id='word_1_210' title='bbox 635 3568 712 3647; x_wconf 80' lang='grc' dir='ltr'><em>ἦσθα</em></span> <span class='ocrx_word' id='word_1_211' title='bbox 737 3572 754 3645; x_wconf 76' lang='grc' dir='ltr'><em>ἦ</em></span> <span class='ocrx_word' id='word_1_212' title='bbox 779 3569 854 3654; x_wconf 76' lang='grc' dir='ltr'><em>μόνη</em></span> <span class='ocrx_word' id='word_1_213' title='bbox 875 3568 965 3642; x_wconf 80' lang='grc' dir='ltr'><em>ἐλπίς</em></span> <span class='ocrx_word' id='word_1_214' title='bbox 989 3575 1044 3643; x_wconf 76' lang='grc' dir='ltr'><em>τιίο</em></span> 
     </span>
    </p>
   </div>
   <div class='ocr_carea' id='block_1_3' title="bbox 0 0 1286 4132">
    <p class='ocr_par' dir='ltr' id='par_1_4' title="bbox 0 0 1286 4132">
     <span class='ocr_line' id='line_1_28' title="bbox 0 0 1286 4132; baseline 0 0"><span class='ocrx_word' id='word_1_215' title='bbox 0 0 1286 4132; x_wconf 95' lang='lat' dir='ltr'><em> </em></span> 
     </span>
    </p>
   </div>
  </div>
 </body>
</html>
