2594 4128
338 372 546 430 ΑΛΗΘοτΣ
571 370 777 428 ιΣτονιΑΣ
804 375 845 428 A.
1011 357 1073 430 '85

109 568 200 619 λοιια.
220 553 408 634 τρεψάμενοι
429 553 455 618 δ’
468 555 580 646 αὐτοὺς
593 551 652 618 ἀτε
665 553 831 630 γυμνήτας
845 552 937 624 ὄντας
951 555 1004 618 καί
1018 577 1073 619 κα-

109 672 317 751 ταδιώξαντες
330 676 359 748 ές
374 679 428 750 τήν
440 672 515 747 θλήν
526 677 561 740 τό
574 675 683 739 λοιπὸν·
690 677 921 755 ἐπεκρατοῦμεν
933 685 988 749 τῆς
1002 659 1073 752 γῆς.Ι
1107 721 1109 731 ,

111 794 166 862 39.
191 797 243 861 καὶ
266 797 339 873 μετ’
357 798 390 862 ού
410 799 490 861 πολὺ
507 799 639 877 κήρυκας
652 799 900 867 ἀποστείλαντες
913 798 1031 874 νεκρούς
1044 801 1074 862 τ’

111 918 272 997 ἀνρροῦντο
289 918 342 983 καί
364 917 430 998 περὶ
455 919 567 999 φιλίας
590 916 781 996 διελέγοντο·
805 921 877 995 ἡμῖν
896 918 922 983 δ’
940 919 994 983 ούκ
1008 918 1072 983 ε’δό-

110 1059 156 1101 κει
181 1036 380 1112 σπένδεσθαι,
403 1039 492 1103 ἀλλά
512 1047 551 1119 τῇ
573 1038 721 1123 ύστεραίῳ
738 1039 934 1120 χωρήσαντες
957 1041 1006 1103 ἐπ’
1019 1040 1073 1104 αύ-
1150 1073 1152 1078 ’

108 1159 180 1226 τοὺς
205 1159 328 1230 πάντας
352 1157 445 1239 ἀρδήν
472 1157 667 1239 ἐξεκόψαμεν
693 1162 773 1235 πλήν
795 1169 853 1226 τῶν
870 1171 1074 1239 Τριτωνομεν·
1099 1175 1103 1188 ’

109 1279 217 1368 δήτων.
241 1277 321 1346 ούτοι
345 1281 372 1346 δ’
397 1283 435 1349 ὡς
459 1276 537 1346 είδον
561 1282 608 1354 τά,
627 1281 821 1365 γιγνόμενοι,
844 1284 1020 1360 διαδράντες
1039 1285 1073 1346 ἐκ

109 1408 168 1466 των
193 1401 361 1481 βραγχίων
373 1402 503 1481 ἀφῆκαν
516 1402 627 1471 αύτούς
641 1403 670 1474 ἐς
684 1403 739 1475 τήν
751 1403 922 1467 θάλατταν.
939 1404 1028 1479 ήμείς
1041 1403 1073 1468 δὲ

108 1525 164 1596 τήν
184 1525 289 1602 χώραν
313 1523 491 1593 ἐπελθόντες
516 1519 623 1602 ἔρημον
649 1523 700 1598 ήδή
724 1521 814 1588 οὖσαν
835 1526 895 1588 τῶν
919 1526 1073 1601 πολεμίων

108 1643 144 1707 τό
161 1644 264 1708 λοιπὸν
278 1642 373 1717 ἀδεῶς
387 1647 585 1724 κατῳκοῦμεν
597 1646 639 1708 τά
656 1647 763 1709 τολλά
775 1649 958 1724 γυμνασίοις
972 1671 1007 1709 τε
1021 1647 1072 1710 καί

108 1768 299 1842 κυνηγεσίοις
318 1766 468 1847 χρώμενοι
488 1767 541 1831 καὶ
562 1767 853 1846 ἀμπελουργοῦντες
868 1769 920 1831 καί
934 1769 985 1831 τόν
1000 1791 1072 1846 καρΙ

108 1888 164 1951 τὸν
189 1887 446 1968 συγκομιζόμενοι
467 1889 517 1952 τόν
540 1888 573 1952 εἰι
592 1896 650 1952 τῶν
671 1890 804 1972 δένδρων,
818 1889 870 1951 καί
883 1885 959 1960 ύλως
973 1889 1071 1969 έῴκει-

109 2031 166 2084 μευ
178 2015 241 2081 τοῖς
256 2009 286 2072 ἐν
300 2010 491 2089 δεσμωτηρίῳ
508 2009 642 2090 μεγάλῳ
657 2010 708 2072 καί
722 2009 855 2090 ἀφύκτῳ
870 2015 1004 2088 τρυφῶσι
1018 2011 1070 2074 καί

112 2131 296 2208 λελυμένοις.
334 2132 468 2195 ἐνιαυτόν
503 2131 559 2207 μέν
590 2128 639 2196 οὖν
665 2133 715 2194 καί
741 2139 840 2206 μήνας
866 2132 942 2195 όκτὼ
966 2135 1072 2195 τοῦτον

107 2252 253 2333 διήγομεν
273 2253 325 2316 τὸν
339 2253 455 2333 τρόπον.
471 2251 525 2318 40.
538 2256 579 2333 τῷ
592 2253 619 2317 δ’
629 2254 724 2333 ε’νάτῳ
738 2253 825 2337 μηνὶ,
840 2249 970 2334 πέμπτῃ
983 2255 1070 2341 ἱστα-

104 2377 213 2452 μένου,
237 2374 305 2456 περί
326 2379 381 2449 τήν
399 2377 541 2452 δευτέραν
561 2380 614 2440 τοῦ
627 2375 783 2452 στόματος
798 2373 908 2450 ἀνοιξιν
923 2413 962 2424 -
979 2371 1071 2452 ἀπαξ

102 2497 168 2578 γάρ
193 2499 334 2571 δήτοῦτο
357 2499 443 2562 κατά
463 2499 518 2573 τήν
539 2497 614 2576 ι’όραν
635 2498 768 2572 ἓκοίστήν
789 2497 882 2562 ἐποίει
904 2500 937 2562 τὸ
958 2507 1068 2575 κήτος,

100 2616 171 2682 ὥσθ’
194 2621 278 2694 ήμάς
299 2620 371 2698 πρὸς
397 2621 455 2691 τάς
481 2619 608 2696 ἀνοίξεις
629 2621 847 2696 τεκμαίρεσθαι
862 2619 921 2690 τάς
935 2617 1011 2697 όίρας
1027 2659 1070 2673 -

100 2741 171 2820 περὶ
194 2735 242 2804 ούν
263 2743 318 2815 τήν
337 2741 492 2820 δευτέραν,
512 2740 616 2822 ,ι’ίσπερ
639 2739 726 2823 ἔφην,
751 2739 875 2820 ἀνοιξιν,
897 2739 986 2820 ἀφνω
1010 2743 1068 2818 βοή

100 2885 139 2926 τε
164 2867 266 2934 πολλή
291 2862 343 2935 καί
369 2863 490 2944 θόρυβος
521 2865 643 2938 ήκοθετο
658 2865 715 2928 ’καί
738 2859 836 2942 ίθσπερ
863 2864 1068 2940 κελεύσματα

98 2985 155 3050 καί
188 2985 331 3062 είρεσίαι·
356 2984 564 3065 ταραχθέντες
589 2981 638 3049 ούν
661 2969 890 3063 ἀνειρπύσαμεν
915 2985 964 3048 ἐπ’
990 2985 1066 3048 αὐτὸ

97 3107 137 3171 τδ
159 3107 264 3180 στόμα
286 3109 339 3170 τοῦ
359 3107 455 3187 θηρίου
476 3107 528 3170 καὶ
554 3106 685 3176 οτάντες
708 3105 844 3184 ἐνδοτέρω
865 3107 923 3168 τῶν
943 3103 1066 3168 ὀδόντων

97 3229 301 3306 καθεωρῶμεν
334 3228 480 3292 ἀπόντων
511 3223 548 3290 ὧν
580 3226 641 3305 ἐγὼ
667 3222 746 3291 είδον
770 3226 873 3303 θέαμα
896 3224 1066 3304 παραδοξό-

97 3372 210 3426 τατον,
223 3347 335 3428 ἀνδρας
347 3348 533 3434 [μεγάλους]
545 3343 611 3413 θσον
624 3349 858 3424 ἡμισταδιαίους
872 3347 929 3415 τὰς
944 3347 1066 3420 ἡλικίας

98 3470 154 3533 έπὶ
176 3447 271 3542 νήσων
292 3469 442 3558 μεγοίλων
464 3468 693 3549 προσπλέοντας
715 3467 813 3547 ὥσπερ
841 3466 919 3553 (ἐπὶ)
932 3469 1065 3543 τριήρων.

99 3585 175 3656 οἶδα
195 3589 252 3668 μέν
272 3585 319 3655 σύν
340 3591 482 3664 ἀπίστοις
504 3591 625 3656 ἐοικότα
646 3590 819 3670 ἱστορήσων,
838 3587 915 3666 λέξω
930 3587 956 3650 δ’
969 3582 1064 3663 ὅμως.
