2594 4128
306 386 515 443 ΛΛΗΘΟΤΣ
539 385 742 442 ΙΣΤΟΡΙΛΣ
766 387 800 442 Β.
971 377 1036 442 113

71 577 132 647 γῆς
155 569 290 643 πλησίον
311 567 407 661 ούσηςΙ
421 574 537 644 σημεῖα
554 565 770 646 προύφαίνετό.
794 566 865 643 μετ’
887 567 989 645 ύλίγον
1003 569 1034 634 δὲ

72 691 125 756 καῖ
149 688 265 767 ἄνδρας
286 685 518 768 εῖδομενκαινῷ
538 686 638 768 τρίτῳ
663 668 824 760 ναυτιλίας
845 689 1039 769 χρωμένους·

73 812 162 878 αὐτοὶ
185 812 252 890 γόορ
274 812 326 874 καὶ
349 815 462 876 ναῦται
482 809 535 874 καὶ
555 818 623 886 νήες
644 806 731 885 ήσαν.
755 809 834 888 λέξω
848 811 879 876 δὲ
892 817 945 876 τοῦ
959 818 1039 878 πλοῶ

73 935 124 998 τὸν
147 931 280 1012 τρόπονῖ
306 929 406 997 ύπτιοι
427 931 560 1009 κείμενοι
581 933 629 995 ἐπὶ
651 936 704 996 τοῦ
727 928 835 1004 ύδατος
856 933 1037 1013 ὀρθώσαντες

74 1056 117 1122 τόν
143 1056 250 1121 αἰδοῖα
267 1085 312 1103 ’-
334 1055 469 1132 μεγαλα
493 1053 524 1118 δὲ
547 1053 676 1133 Φύουσιν
697 1094 738 1103 -
761 1053 795 1132 ἐξ
819 1052 918 1120 αὐτῶν
942 1055 1039 1130 όύόνην

76 1177 277 1246 πετάσαντες
291 1176 343 1239 καί
357 1182 430 1246 ταῖς
439 1175 531 1256 χερσὶ
545 1175 615 1246 τοὺς
628 1175 780 1246 ποδεῶνας
789 1175 977 1256 κατίχοντες
989 1177 1041 1252 ε’μ-

76 1298 248 1367 πίπτοντος
269 1285 325 1360 τοῶ
336 1297 450 1372 όνὲμου
464 1293 582 1361 ἔπλεον,
608 1293 697 1361 όιλλοι
710 1296 742 1361 δὲ
754 1297 839 1374 μετόν
852 1299 975 1368 τούτους
990 1297 1039 1362 ἐπὶ

76 1415 394 1505 Φελλῶνξκαύήμενοι
419 1414 581 1492 ζεύξαντες
607 1416 658 1482 δύο
677 1418 832 1497 ’δελφῖνας
857 1418 986 1494 ήλαυνόυ
1005 1443 1038 1503 τε

76 1540 128 1604 καῖ
151 1539 314 1618 ἡνιόχουν·
337 1540 363 1603 οἱ
384 1538 414 1603 δὲ
436 1537 586 1617 προϊόντες
607 1538 784 1616 ἐπεσύροντο
804 1539 873 1609 τοὺς
891 1539 1039 1616 Φελλούς.

76 1657 155 1726 οὗτοι
189 1661 276 1736 ήμῶς
309 1658 372 1723 ούτ·
405 1660 522 1735 ήδίκουν
550 1657 613 1725 οὔτ’
637 1658 792 1750 ἔφευγον,
813 1662 887 1725 ἀλλ’
912 1662 1041 1737 ήλαυνον

77 1781 187 1855 όδεῶς·
205 1767 242 1846 τε
276 1782 326 1845 καὶ
355 1782 504 1860 εἰρηνικῶς
528 1782 562 1845 τὸ
585 1778 662 1852 εἶδος
687 1784 740 1846 τοῦ
766 1783 911 1864 ήμετίρου
936 1784 1041 1848 πλοίου

77 1901 289 1983 ίαυμοίζοντες
312 1902 365 1967 καὶ
387 1901 534 1968 πόντοίεν
554 1897 819 1981 περισκοποῦντες.
842 1902 894 1968 46.
909 1905 1039 1983 ἑσπέρας

78 2023 102 2088 δ’
122 2024 177 2099 ήδη
200 2024 421 2103 προσήχθημεν
438 2025 516 2102 νήσῳ
529 2025 561 2088 ού
574 2023 703 2104 μεγοίλη
716 2046 723 2061 ·
738 2029 906 2102 κατῳκεῖτο
920 2024 946 2088 δ’
959 2021 1038 2098 κύτη

80 2145 134 2209 ὑπὸ
159 2153 331 2224 γυναικῶν,
357 2146 395 2217 ῶς
417 2145 608 2228 ἐνομίζομεν,
631 2144 1041 2224 Ἑλλοίδαφανήνπροϊεμέ·

80 2289 148 2331 νυν·
172 2276 330 2348 προσήσαν
350 2268 413 2346 γόορ
433 2269 484 2331 καῖ
506 2265 670 2342 ἐδεξιοῦντο
690 2267 742 2330 καὶ
756 2264 945 2347 ήσποίζοντο,
959 2264 1040 2330 ποίνυ

81 2387 236 2468 ἑταιρικῶς
257 2388 485 2466 κεκοσμημέναι
508 2388 560 2452 καὶ
583 2387 680 2452 καλαί
702 2391 803 2452 πόρσαι
823 2388 875 2451 καί
889 2386 1040 2460 νεοίνιδες,

82 2508 218 2589 ποδήρεις
242 2509 310 2581 τοὺς
323 2514 458 2589 χιτῶνας
473 2510 698 2587 ἐπισυρόμεναι.
711 2509 727 2583 ή
741 2508 798 2586 μὲν
811 2506 859 2574 οὖν
872 2515 957 2582 νήσος
972 2511 1043 2574 ἕκα-

80 2637 164 2696 λεῖτο
181 2630 421 2710 Καββοίλουσα.
436 2633 453 2706 ή
466 2630 496 2695 δὲ
510 2630 597 2702 πόλις
611 2625 834 2711 ’Τδραμαρδία
848 2629 1005 2708 λαβοῦσαι
1017 2631 1042 2694 δ’

81 2744 129 2812 οὖν
142 2753 226 2829 ήμῶς
240 2753 274 2816 αἱ
287 2760 435 2829 γυναῖκες
448 2749 529 2836 (ἕνα)
543 2749 660 2825 ἔκοίστη
670 2750 742 2830 πρὸς
752 2750 863 2824 ἑαυτήν
872 2751 979 2829 οῖπήγε
988 2750 1040 2815 καὶ

81 2867 162 2946 ξένον
182 2874 322 2941 ἐποιεῖτο.
343 2874 404 2950 ἐγὼ
423 2873 452 2937 δὲ
466 2873 570 2952 μικρόν
583 2870 726 2943 ιἰποστόος
739 2909 783 2921 -—·
795 2874 828 2936 ού
841 2873 903 2952 γόορ
916 2873 1042 2953 χρηστόν

83 2990 295 3072 ἐμαντευόμην
318 3033 359 3043 -
380 2993 596 3073 ἀκριβέστερόν
624 3019 659 3058 τε
680 2992 873 3071 περιβλέπων
896 2993 948 3073 ὁρῶ
968 3009 1043 3056 πολ·
1100 3025 1102 3037 =

83 3118 141 3191 λῶν
162 3116 320 3194 όνύρῶπιιν
341 3117 419 3182 όστοῖ
439 3116 490 3180 καὶ
505 3115 613 3193 κρανία
627 3115 773 3192 κείμενα·
787 3115 839 3178 καὶ
853 3116 887 3179 τδ
900 3114 956 3190 μὲν
968 3113 1043 3190 βοήν

83 3233 206 3302 ῖστοίναι
227 3238 280 3302 καῖ
303 3236 373 3310 τοὺς
387 3238 520 3316 ἑταίρους
534 3244 705 3314 συγκαλεῖν
718 3236 770 3302 καῖ
784 3235 813 3308 ἔς
828 3235 869 3300 τόν
882 3231 967 3298 όπλα
980 3261 1044 3317 χιι·

84 3362 140 3428 ρεῖν
165 3360 218 3422 οὐκ
243 3358 431 3440 ἐδοκίμαζον.
456 3357 727 3440 προχειρισόμενος
752 3356 784 3422 δὲ
807 3360 861 3434 τήν
886 3356 1041 3439 μαλόχην

84 3475 175 3540 πόλλ’
197 3478 339 3562 ηὐχόμην
362 3482 444 3563 αὐτή
465 3481 632 3562 διαφυγεῖν
645 3481 678 3544 ἐκ
691 3487 748 3544 τῶν
761 3478 916 3559 παρόντοιν
931 3487 1039 3545 κακῶν.

86 3600 154 3669 μετ’
178 3600 283 3679 όλίγον
308 3601 338 3667 δὲ
358 3610 412 3678 τής
431 3602 515 3681 ξένης
537 3600 766 3678 διακονουμένης
789 3596 927 3666 είδοντα
949 3603 1043 3674 σκέλη

929 3722 944 3768 8
