2562 4132
393 356 687 414 ΦΙΛΟΨΕΎΔΗΣ.
975 345 1019 412 49

61 535 307 610 νότωςάπίόανον
315 537 469 615 κολοσσόν,
480 535 720 622 [ἡμισταδιαίαν
729 539 892 620 γνναῖκα],
902 532 1016 612 γιγάν-
1061 540 1064 549 '

61 658 134 724 τειόν
154 683 184 724 τι
202 659 432 739 μορμολύκειον.
456 659 517 737 ἐγὼ
537 658 563 723 δ’
583 655 711 722 ἐνενόουν
730 654 853 734 μεταξὺ
867 651 920 722 οίοι
934 654 1017 729 όντες

61 778 142 845 αὐτοὶ
166 781 239 852 νέοις
259 780 284 844 ί’
305 779 460 855 ὁμιλοῦσιν
481 779 531 844 ἐπί
549 777 648 862 σοφία
667 777 720 842 καί
739 777 798 843 ὑπὸ
818 784 876 843 τῶν
896 783 1018 843 πολλῶν

61 899 267 982 όαυμάζονται
286 900 363 980 μόνγ
382 911 421 982 τῇ
442 907 538 983 πολιᾷ
563 901 615 965 καί
628 902 671 980 τῷ
685 899 807 979 πῶγωνι
821 900 1014 980 διαφέροντες

62 1030 115 1088 τῶν
137 1023 335 1106 βρεφῶν,τά
356 1022 382 1088 δ’
403 1023 491 1088 ἀλλα
511 1018 564 1087 Ικαί
578 1023 680 1087 αὐτῶν
693 1023 810 1087 ἐκείνων
824 1022 1019 1101 εὐαγωγότε-

63 1166 97 1221 ροι
118 1145 190 1225 πρός
216 1146 251 1210 τό
271 1144 393 1224 ψεῦδος.
415 1143 469 1208 24.
490 1144 503 1209 ό
527 1147 601 1221 γοῦν
624 1143 839 1223 Δεινόμαχος,
854 1141 934 1207 Είπί
946 1163 1017 1220 μοι,

32 1343 40 1366 ⁴
63 1264 136 1343 ἔφη,
161 1263 182 1330 ὦ
207 1265 382 1345 Εὔκρατες,
408 1261 433 1328 οί
454 1263 540 1335 κύνες
561 1263 592 1328 δέ
616 1272 672 1338 τῆς
691 1265 756 1327 όεοῶ
775 1263 898 1337 πηλίκοι
917 1261 952 1326 τό
965 1260 1019 1338 μέ-

63 1385 143 1467 γεθος
162 1383 267 1461 ἦσαν;’
285 1383 508 1468 Ἐλεφάντων,
531 1381 548 1459 ἦ
564 1383 593 1448 δ’
613 1379 662 1460 ός,
685 1381 865 1463 ὑψηλότεροι
886 1389 945 1448 τῶν
964 1386 1020 1446 Ἰν-

64 1505 152 1586 δικῶν,
168 1507 302 1585 μέλανες
316 1506 368 1571 καί
384 1509 471 1571 αὐίοί
486 1505 537 1570 καί
552 1503 653 1570 λάσιοι
667 1511 781 1589 πιναρᾷ
795 1505 848 1570 καί
863 1506 1020 1587 αὐχμῶσρ

66 1635 99 1708 τῇ
119 1627 230 1710 λάχνρ.
254 1629 315 1706 ἐγὼ
336 1629 393 1706 μὲν
416 1624 465 1694 οὖν
485 1626 551 1692 ίδῶν
564 1625 656 1701 ἐστνν
668 1626 869 1706 ἀναστρέψας
882 1625 954 1705 ἀμα
966 1615 1048 1715 τέκν’

67 1719 241 1826 σφραγῖδα,
263 1745 297 1823 νίν
310 1771 361 1824 μοι
374 1747 510 1830 ό”Αραφ
524 1745 641 1827 ἔδωκεν,
655 1749 698 1818 είς
711 1747 746 1812 τό
759 1746 828 1812 είσω
841 1752 894 1812 τοῶ
907 1749 1019 1813 δακτό-

69 1881 130 1933 λου·
155 1872 171 1946 ἦ
195 1850 318 1945 Ἓκάτκ
339 1869 369 1934 δέ
395 1862 573 1946 πατοίξοισα
586 1871 628 1950 τῷ
641 1869 819 1949 δρακοντείῳ
832 1869 898 1933 ποδί
912 1868 1020 1935 τοῦδα-

72 1995 118 2067 φος
139 1992 263 2066 ἐποίησε
282 1990 401 2073 χάσμα
425 1990 648 2070 παμμέγεθες,
664 1991 767 2065 ἡλίκον
779 1991 955 2068 ταρτάρειον
969 1993 1018 2074 [τὸ

75 2111 219 2199 μέγεθος]
241 2107 300 2177 εἶτ’
314 2110 413 2194 ᾤχετο
432 2110 504 2186 μετ’
525 2109 628 2187 όλίγον
641 2107 799 2186 ἀλλνμένιρ
814 2111 843 2181 ἐς
856 2109 944 2174 αὐτό.
959 2111 1020 2189 ἐγῶ

74 2227 98 2294 δέ
113 2233 265 2312 θαρσήσας
290 2232 435 2311 ἐπέκυψα
459 2230 635 2309 λαβόμενος
657 2231 772 2311 δένδρου
793 2233 872 2300 τινός
891 2233 1019 2304 πλησίον

71 2357 254 2433 πεφυκότος,
271 2358 309 2426 ῶς
322 2357 366 2432 μέν
380 2353 605 2426 σκοτοδινιοίσας
624 2354 788 2430 ἐμπέσοιμι
802 2353 852 2418 ἐπὶ
867 2357 1020 2433 κεφαλήν·

70 2467 115 2537 είό
145 2477 236 2556 ἐώρων
255 2479 297 2541 τά
318 2477 349 2541 ἐν
366 2475 472 2543 Ἀιδου
490 2471 637 2558 ἅπαντα,
655 2475 705 2538 τὸν
729 2476 1019 2556 Πυριφλεγέθοντα,

72 2593 131 2677 [τὴν
155 2599 289 2684 λίμναν],
314 2596 365 2660 τὸν
390 2595 547 2676 Κέρβερον,
572 2595 642 2667 τοὺς
663 2596 798 2674 νεκρούς,
819 2593 897 2660 ῶστε
916 2598 1021 2674 γνωρί-

71 2711 123 2792 ζειν
143 2721 233 2792 ένίους
254 2719 365 2783 αὐτῶν·
387 2720 439 2783 τὸν
458 2722 531 2795 γοῦν
551 2717 675 2795 πατέρα
696 2711 776 2781 εἶδον
795 2717 928 2796 ἀκριβῶς
949 2720 1021 2784 αὔτ’

71 2836 164 2904 ἐκεῖνα
185 2839 228 2904 ἐπι
249 2838 484 2922 ἀμπεχόμενον,
505 2840 535 2903 ἐν
556 2833 597 2911 οίς
612 2840 704 2904 αὐτὸν
718 2837 959 2921 κατεόοίφαμεν.
981 2841 1024 2905 Τί

71 2953 94 3018 δ’
115 2958 272 3041 ἔπραττον,
294 2962 307 3026 ό
324 2961 392 3025 Ἴων
414 2957 489 3040 ἐφκ,
510 2955 531 3022 ὦ
551 2959 728 3039 Εὔκρατες,
750 2961 783 3024 αἱ
805 2960 927 3040 φυχαίς
944 2962 986 3024 Τί
996 2961 1023 3025 δ’

71 3073 161 3157 ἀλλο,
187 3079 205 3157 ἦ
228 3081 254 3148 δ’
275 3079 324 3167 ός,
347 3083 364 3156 ἢ
390 3082 476 3146 κατά
499 3087 590 3162 φῦλα
616 3081 667 3145 καί
693 3081 831 3160 φρήτρας
855 3081 940 3159 μετά
965 3089 1023 3148 τῶν

13 3221 14 3226 ’
72 3201 164 3276 Φίλων
188 3203 240 3268 καί
266 3207 425 3282 συγγενῶν
450 3202 597 3285 διέτριβον
622 3202 671 3266 ἐπί
696 3207 748 3266 τοῦ
775 3200 948 3282 ἀσφοδέλου
967 3227 1020 3267 κα-

74 3324 250 3400 τακείμενοι.
282 3324 552 3402 Ἀντιλεγίπωσαν
573 3319 621 3388 οὖν
642 3320 704 3401 ἔτι,
730 3315 748 3397 ἦ
768 3322 793 3387 δ’
814 3319 845 3397 ἐς
866 3323 879 3387 ό
896 3325 977 3400 Ἴων,
998 3325 1022 3389 σί

75 3437 154 3516 ἀμφὶ
171 3443 221 3509 τόν
241 3447 416 3524 Ἐπίκουρον
437 3445 478 3524 τῷ
500 3445 565 3524 ίερῷ
586 3442 731 3510 Πλάτωνι
752 3445 805 3507 καί
826 3447 868 3524 τῷ
889 3443 956 3524 περί
969 3451 1027 3512 τῶν

76 3560 178 3640 Ψυκῶν
201 3567 296 3646 λόγῳ.
317 3565 356 3630 σὺ
381 3565 410 3629 δέ
436 3566 480 3642 μὴ
506 3563 634 3630 καὶτὸν
659 3563 826 3645 Σωκράσκν
850 3566 945 3631 αὐτόν
971 3566 1024 3630 καί

949 3686 965 3733 4
