<?xml version="1.0" encoding="UTF-8"?>
<!DOCTYPE html PUBLIC "-//W3C//DTD XHTML 1.0 Transitional//EN"
    "http://www.w3.org/TR/xhtml1/DTD/xhtml1-transitional.dtd">
<html xmlns="http://www.w3.org/1999/xhtml" xml:lang="en" lang="en">
 <head>
  <title>
</title>
<meta http-equiv="Content-Type" content="text/html;charset=utf-8" />
  <meta name='ocr-system' content='tesseract 3.04.00' />
  <meta name='ocr-capabilities' content='ocr_page ocr_carea ocr_par ocr_line ocrx_word'/>
</head>
<body>
  <div class='ocr_page' id='page_1' title='image "./dialogiquattuor00lucigoog_0172.png"; bbox 0 0 2594 4128; ppageno 0'>
   <div class='ocr_carea' id='block_1_1' title="bbox 300 359 1036 436">
    <p class='ocr_par' dir='ltr' id='par_1_1' title="bbox 300 359 1036 436">
     <span class='ocr_line' id='line_1_1' title="bbox 300 359 1036 436; baseline 0 -8"><span class='ocrx_word' id='word_1_1' title='bbox 300 371 508 428; x_wconf 77' lang='grc' dir='ltr'><strong><em>ΑΛιιενοτΣ</em></strong></span> <span class='ocrx_word' id='word_1_2' title='bbox 535 371 739 427; x_wconf 76' lang='grc' dir='ltr'><strong><em>ιΣτοειΑΣ</em></strong></span> <span class='ocrx_word' id='word_1_3' title='bbox 766 372 803 426; x_wconf 87' lang='lat' dir='ltr'><strong><em>A.</em></strong></span> <span class='ocrx_word' id='word_1_4' title='bbox 934 433 935 436; x_wconf 4' lang='lat' dir='ltr'>x</span> <span class='ocrx_word' id='word_1_5' title='bbox 988 359 1036 428; x_wconf 86' lang='lat'><strong><em>81-</em></strong></span> 
     </span>
    </p>
   </div>
   <div class='ocr_carea' id='block_1_2' title="bbox 78 549 1103 1604">
    <p class='ocr_par' dir='ltr' id='par_1_2' title="bbox 78 549 1103 1604">
     <span class='ocr_line' id='line_1_2' title="bbox 80 549 1032 636; baseline 0.005 -22"><span class='ocrx_word' id='word_1_6' title='bbox 80 549 251 631; x_wconf 77' lang='grc' dir='ltr'><strong><em>βαδίζοντερ</em></strong></span> <span class='ocrx_word' id='word_1_7' title='bbox 264 551 463 634; x_wconf 75' lang='grc' dir='ltr'><strong><em>ἐφιστάμεθα</em></strong></span> <span class='ocrx_word' id='word_1_8' title='bbox 476 552 637 632; x_wconf 82' lang='grc' dir='ltr'><strong><em>πρεσβύτη</em></strong></span> <span class='ocrx_word' id='word_1_9' title='bbox 646 552 698 634; x_wconf 81' lang='grc' dir='ltr'><strong><em>καί</em></strong></span> <span class='ocrx_word' id='word_1_10' title='bbox 709 553 853 632; x_wconf 76' lang='grc' dir='ltr'><strong><em>νεανίσκῳ</em></strong></span> <span class='ocrx_word' id='word_1_11' title='bbox 862 552 953 630; x_wconf 81' lang='grc' dir='ltr'><strong><em>μάλα</em></strong></span> <span class='ocrx_word' id='word_1_12' title='bbox 964 579 1032 636; x_wconf 84' lang='grc' dir='ltr'><strong><em>προ-</em></strong></span> 
     </span>
     <span class='ocr_line' id='line_1_3' title="bbox 80 656 1077 755; baseline 0.005 -19"><span class='ocrx_word' id='word_1_13' title='bbox 80 656 173 749; x_wconf 72' lang='grc' dir='ltr'><strong><em>θάμνιρ</em></strong></span> <span class='ocrx_word' id='word_1_14' title='bbox 193 672 333 752; x_wconf 89' lang='grc' dir='ltr'><strong><em>πρασιάν·</em></strong></span> <span class='ocrx_word' id='word_1_15' title='bbox 348 697 418 739; x_wconf 90' lang='grc' dir='ltr'><strong><em>τινα</em></strong></span> <span class='ocrx_word' id='word_1_16' title='bbox 436 671 646 753; x_wconf 74' lang='grc' dir='ltr'><strong><em>ἐργαζομένοις</em></strong></span> <span class='ocrx_word' id='word_1_17' title='bbox 668 674 719 739; x_wconf 83' lang='grc' dir='ltr'><strong><em>καί</em></strong></span> <span class='ocrx_word' id='word_1_18' title='bbox 743 671 816 755; x_wconf 80' lang='grc' dir='ltr'><strong><em>ὕδωρ</em></strong></span> <span class='ocrx_word' id='word_1_19' title='bbox 828 674 890 739; x_wconf 83' lang='grc' dir='ltr'><strong><em>άπὸ</em></strong></span> <span class='ocrx_word' id='word_1_20' title='bbox 904 685 958 751; x_wconf 83' lang='grc' dir='ltr'><strong><em>τής</em></strong></span> <span class='ocrx_word' id='word_1_21' title='bbox 971 701 1034 753; x_wconf 83' lang='grc' dir='ltr'><strong><em>πη·</em></strong></span> <span class='ocrx_word' id='word_1_22' title='bbox 1074 661 1077 670; x_wconf 55' lang='grc'><strong>’</strong></span> 
     </span>
     <span class='ocr_line' id='line_1_4' title="bbox 78 789 1033 880; baseline -0.009 -8"><span class='ocrx_word' id='word_1_23' title='bbox 78 801 133 872; x_wconf 67' lang='grc' dir='ltr'><strong><em>θός</em></strong></span> <span class='ocrx_word' id='word_1_24' title='bbox 152 795 203 859; x_wconf 87' lang='grc' dir='ltr'><strong><em>ἐπ’</em></strong></span> <span class='ocrx_word' id='word_1_25' title='bbox 223 795 320 870; x_wconf 78' lang='grc' dir='ltr'><strong><em>αὐτήν</em></strong></span> <span class='ocrx_word' id='word_1_26' title='bbox 341 794 580 876; x_wconf 82' lang='grc' dir='ltr'><strong><em>διοχετεύουσιν·</em></strong></span> <span class='ocrx_word' id='word_1_27' title='bbox 603 794 742 869; x_wconf 75' lang='grc' dir='ltr'><strong><em>ήσθέντεε</em></strong></span> <span class='ocrx_word' id='word_1_28' title='bbox 762 789 810 860; x_wconf 80' lang='grc' dir='ltr'><strong><em>οὖν</em></strong></span> <span class='ocrx_word' id='word_1_29' title='bbox 825 794 896 872; x_wconf 86' lang='grc' dir='ltr'><strong><em>άμα</em></strong></span> <span class='ocrx_word' id='word_1_30' title='bbox 910 797 960 862; x_wconf 84' lang='grc' dir='ltr'><strong><em>καί</em></strong></span> <span class='ocrx_word' id='word_1_31' title='bbox 975 804 1033 880; x_wconf 85' lang='grc' dir='ltr'><strong><em>φο-</em></strong></span> 
     </span>
     <span class='ocr_line' id='line_1_5' title="bbox 78 915 1103 996; baseline 0.003 -14"><span class='ocrx_word' id='word_1_32' title='bbox 78 917 214 996; x_wconf 79' lang='grc' dir='ltr'><strong><em>βηθέντες</em></strong></span> <span class='ocrx_word' id='word_1_33' title='bbox 235 915 384 995; x_wconf 77' lang='grc' dir='ltr'><strong><em>ἔστημεν·</em></strong></span> <span class='ocrx_word' id='word_1_34' title='bbox 416 918 548 981; x_wconf 84' lang='grc' dir='ltr'><strong><em>κάκεῖνοι</em></strong></span> <span class='ocrx_word' id='word_1_35' title='bbox 568 916 599 981; x_wconf 79' lang='grc' dir='ltr'><strong><em>δέ</em></strong></span> <span class='ocrx_word' id='word_1_36' title='bbox 620 916 734 981; x_wconf 84' lang='grc' dir='ltr'><strong><em>ταῦτον</em></strong></span> <span class='ocrx_word' id='word_1_37' title='bbox 754 919 826 993; x_wconf 83' lang='grc' dir='ltr'><strong><em>ήμιν</em></strong></span> <span class='ocrx_word' id='word_1_38' title='bbox 846 921 884 991; x_wconf 75' lang='grc' dir='ltr'><strong><em>ὡς</em></strong></span> <span class='ocrx_word' id='word_1_39' title='bbox 905 918 939 983; x_wconf 89' lang='grc' dir='ltr'><strong><em>το</em></strong></span> <span class='ocrx_word' id='word_1_40' title='bbox 954 921 1030 994; x_wconf 77' lang='grc' dir='ltr'><strong><em>είκδτ</em></strong></span> <span class='ocrx_word' id='word_1_41' title='bbox 1100 967 1103 974; x_wconf 39' lang='lat'>1</span> 
     </span>
     <span class='ocr_line' id='line_1_6' title="bbox 78 1036 1031 1146; baseline 0.003 -44.003"><span class='ocrx_word' id='word_1_42' title='bbox 78 1039 220 1134; x_wconf 81' lang='grc' dir='ltr'><strong><em>παθόντες</em></strong></span> <span class='ocrx_word' id='word_1_43' title='bbox 252 1036 375 1146; x_wconf 86' lang='grc' dir='ltr'><strong><em>άνοιυδοι</em></strong></span> <span class='ocrx_word' id='word_1_44' title='bbox 396 1040 649 1116; x_wconf 73' lang='grc' dir='ltr'><strong><em>παρεστήκεσαν·</em></strong></span> <span class='ocrx_word' id='word_1_45' title='bbox 671 1036 766 1119; x_wconf 88' lang='grc' dir='ltr'><strong><em>χρόνῳ</em></strong></span> <span class='ocrx_word' id='word_1_46' title='bbox 786 1037 840 1126; x_wconf 64' lang='grc' dir='ltr'><strong><em>δζό</em></strong></span> <span class='ocrx_word' id='word_1_47' title='bbox 854 1040 1031 1119; x_wconf 77' lang='grc' dir='ltr'><strong><em>πρεσβύτης</em></strong></span> 
     </span>
     <span class='ocr_line' id='line_1_7' title="bbox 80 1155 1029 1245; baseline 0.003 -22"><span class='ocrx_word' id='word_1_48' title='bbox 80 1159 174 1245; x_wconf 78' lang='grc' dir='ltr'><strong><em>[ἐφη],</em></strong></span> <span class='ocrx_word' id='word_1_49' title='bbox 189 1157 341 1239; x_wconf 82' lang='grc' dir='ltr'><strong><em>Τίνεςάρ</em></strong></span> <span class='ocrx_word' id='word_1_50' title='bbox 366 1160 452 1236; x_wconf 82' lang='grc' dir='ltr'><strong><em>ὑμεις</em></strong></span> <span class='ocrx_word' id='word_1_51' title='bbox 477 1160 564 1236; x_wconf 83' lang='grc' dir='ltr'><strong><em>έστε,</em></strong></span> <span class='ocrx_word' id='word_1_52' title='bbox 579 1184 598 1222; x_wconf 83' lang='grc' dir='ltr'><strong><em>ον</em></strong></span> <span class='ocrx_word' id='word_1_53' title='bbox 585 1155 710 1237; x_wconf 76' lang='grc' dir='ltr'><strong><em>ξίνοι;</em></strong></span> <span class='ocrx_word' id='word_1_54' title='bbox 732 1157 772 1223; x_wconf 91' lang='grc' dir='ltr'><strong><em>πό</em></strong></span> <span class='ocrx_word' id='word_1_55' title='bbox 774 1183 869 1239; x_wconf 86' lang='grc' dir='ltr'><strong><em>τερον,</em></strong></span> <span class='ocrx_word' id='word_1_56' title='bbox 885 1159 957 1241; x_wconf 75' lang='grc' dir='ltr'><strong><em>ἔφη,</em></strong></span> <span class='ocrx_word' id='word_1_57' title='bbox 970 1165 1029 1226; x_wconf 77' lang='grc' dir='ltr'><strong><em>τῶν</em></strong></span> 
     </span>
     <span class='ocr_line' id='line_1_8' title="bbox 80 1278 1032 1360; baseline 0.003 -17.045"><span class='ocrx_word' id='word_1_58' title='bbox 80 1280 197 1345; x_wconf 76' lang='grc' dir='ltr'><strong><em>ἐ.να)ίων</em></strong></span> <span class='ocrx_word' id='word_1_59' title='bbox 217 1281 404 1356; x_wconf 78' lang='grc' dir='ltr'><strong><em>δαιμόνων</em></strong></span> <span class='ocrx_word' id='word_1_60' title='bbox 387 1306 404 1356; x_wconf 95' lang='grc' dir='ltr'><strong><em>η</em></strong></span> <span class='ocrx_word' id='word_1_61' title='bbox 424 1278 567 1358; x_wconf 85' lang='grc' dir='ltr'><strong><em>άνθραποι</em></strong></span> <span class='ocrx_word' id='word_1_62' title='bbox 592 1279 795 1360; x_wconf 73' lang='grc' dir='ltr'><strong><em>δυστυχεῖς</em></strong></span> <span class='ocrx_word' id='word_1_63' title='bbox 780 1305 851 1358; x_wconf 73' lang='grc' dir='ltr'><strong><em>υμιυ</em></strong></span> <span class='ocrx_word' id='word_1_64' title='bbox 865 1285 1032 1360; x_wconf 76' lang='grc' dir='ltr'><strong><em>παραπλή-</em></strong></span> 
     </span>
     <span class='ocr_line' id='line_1_9' title="bbox 79 1397 1030 1483; baseline 0.004 -20"><span class='ocrx_word' id='word_1_65' title='bbox 79 1425 146 1475; x_wconf 80' lang='grc' dir='ltr'><strong><em>σιοι;</em></strong></span> <span class='ocrx_word' id='word_1_66' title='bbox 168 1401 221 1466; x_wconf 78' lang='grc' dir='ltr'><strong><em>καί</em></strong></span> <span class='ocrx_word' id='word_1_67' title='bbox 244 1402 308 1482; x_wconf 83' lang='grc' dir='ltr'><strong><em>γάρ</em></strong></span> <span class='ocrx_word' id='word_1_68' title='bbox 330 1404 417 1478; x_wconf 81' lang='grc' dir='ltr'><strong><em>ήμεῑς</em></strong></span> <span class='ocrx_word' id='word_1_69' title='bbox 438 1397 582 1480; x_wconf 88' lang='grc' dir='ltr'><strong><em>άνθροιποι</em></strong></span> <span class='ocrx_word' id='word_1_70' title='bbox 596 1398 680 1471; x_wconf 82' lang='grc' dir='ltr'><strong><em>όντερ</em></strong></span> <span class='ocrx_word' id='word_1_71' title='bbox 694 1401 745 1465; x_wconf 79' lang='grc' dir='ltr'><strong><em>καί</em></strong></span> <span class='ocrx_word' id='word_1_72' title='bbox 760 1401 789 1465; x_wconf 90' lang='grc' dir='ltr'><strong><em>ἐν</em></strong></span> <span class='ocrx_word' id='word_1_73' title='bbox 802 1411 845 1483; x_wconf 83' lang='grc' dir='ltr'><strong><em>γή</em></strong></span> <span class='ocrx_word' id='word_1_74' title='bbox 858 1404 1030 1482; x_wconf 74' lang='grc' dir='ltr'><strong><em>τραφέντες</em></strong></span> 
     </span>
     <span class='ocr_line' id='line_1_10' title="bbox 79 1521 1031 1604; baseline 0.001 -19"><span class='ocrx_word' id='word_1_75' title='bbox 79 1529 124 1588; x_wconf 84' lang='grc' dir='ltr'><strong><em>νῦν</em></strong></span> <span class='ocrx_word' id='word_1_76' title='bbox 143 1523 304 1590; x_wconf 81' lang='grc' dir='ltr'><strong><em>θαλάττιοι</em></strong></span> <span class='ocrx_word' id='word_1_77' title='bbox 318 1522 497 1601; x_wconf 70' lang='grc' dir='ltr'><strong><em>γεγόναμεν</em></strong></span> <span class='ocrx_word' id='word_1_78' title='bbox 511 1521 564 1586; x_wconf 80' lang='grc' dir='ltr'><strong><em>καί</em></strong></span> <span class='ocrx_word' id='word_1_79' title='bbox 577 1521 792 1601; x_wconf 86' lang='grc' dir='ltr'><strong><em>συννηχόμεθα</em></strong></span> <span class='ocrx_word' id='word_1_80' title='bbox 805 1521 846 1604; x_wconf 78' lang='grc' dir='ltr'><strong><em>τῷ</em></strong></span> <span class='ocrx_word' id='word_1_81' title='bbox 860 1524 1031 1604; x_wconf 85' lang='grc' dir='ltr'><strong><em>περιέχοντι</em></strong></span> 
     </span>
    </p>
   </div>
   <div class='ocr_carea' id='block_1_3' title="bbox 80 1635 1033 1726">
    <p class='ocr_par' dir='ltr' id='par_1_3' title="bbox 80 1635 1033 1726">
     <span class='ocr_line' id='line_1_11' title="bbox 80 1635 1033 1726; baseline 0.003 -19"><span class='ocrx_word' id='word_1_82' title='bbox 80 1643 165 1726; x_wconf 82' lang='grc' dir='ltr'><strong><em>τούτῳ</em></strong></span> <span class='ocrx_word' id='word_1_83' title='bbox 187 1646 291 1724; x_wconf 82' lang='grc' dir='ltr'><strong><em>θηρίῳ,</em></strong></span> <span class='ocrx_word' id='word_1_84' title='bbox 313 1643 373 1708; x_wconf 78' lang='grc' dir='ltr'><strong><em>οὐδ’</em></strong></span> <span class='ocrx_word' id='word_1_85' title='bbox 393 1635 415 1708; x_wconf 86' lang='grc' dir='ltr'><strong><em>ά</em></strong></span> <span class='ocrx_word' id='word_1_86' title='bbox 437 1642 605 1724; x_wconf 74' lang='grc' dir='ltr'><strong><em>πάσχομεν</em></strong></span> <span class='ocrx_word' id='word_1_87' title='bbox 628 1643 761 1723; x_wconf 80' lang='grc' dir='ltr'><strong><em>άκριβῶς</em></strong></span> <span class='ocrx_word' id='word_1_88' title='bbox 782 1645 913 1717; x_wconf 81' lang='grc' dir='ltr'><strong><em>είδότες·</em></strong></span> <span class='ocrx_word' id='word_1_89' title='bbox 927 1643 1033 1710; x_wconf 88' lang='grc' dir='ltr'><strong><em>τεθνά-</em></strong></span> 
     </span>
    </p>
   </div>
   <div class='ocr_carea' id='block_1_4' title="bbox 76 1763 1060 3540">
    <p class='ocr_par' dir='ltr' id='par_1_4' title="bbox 76 1763 1060 3540">
     <span class='ocr_line' id='line_1_12' title="bbox 79 1763 1029 1846; baseline 0.004 -20"><span class='ocrx_word' id='word_1_90' title='bbox 79 1789 121 1828; x_wconf 88' lang='grc' dir='ltr'><strong><em>ναι</em></strong></span> <span class='ocrx_word' id='word_1_91' title='bbox 140 1767 196 1841; x_wconf 81' lang='grc' dir='ltr'><strong><em>μὲν</em></strong></span> <span class='ocrx_word' id='word_1_92' title='bbox 217 1765 282 1844; x_wconf 85' lang='grc' dir='ltr'><strong><em>γάρ</em></strong></span> <span class='ocrx_word' id='word_1_93' title='bbox 304 1763 475 1846; x_wconf 76' lang='grc' dir='ltr'><strong><em>εἰκάζομεν,</em></strong></span> <span class='ocrx_word' id='word_1_94' title='bbox 496 1765 550 1846; x_wconf 80' lang='grc' dir='ltr'><strong><em>ζήν</em></strong></span> <span class='ocrx_word' id='word_1_95' title='bbox 569 1763 600 1828; x_wconf 78' lang='grc' dir='ltr'><strong><em>δὲ</em></strong></span> <span class='ocrx_word' id='word_1_96' title='bbox 620 1764 813 1840; x_wconf 83' lang='grc' dir='ltr'><strong><em>πιστεύομεν.</em></strong></span> <span class='ocrx_word' id='word_1_97' title='bbox 840 1767 912 1844; x_wconf 81' lang='grc' dir='ltr'><strong><em>πρὸς</em></strong></span> <span class='ocrx_word' id='word_1_98' title='bbox 924 1771 1029 1830; x_wconf 80' lang='grc' dir='ltr'><strong><em>ταῦτα</em></strong></span> 
     </span>
     <span class='ocr_line' id='line_1_13' title="bbox 80 1883 1029 1967; baseline 0.001 -18"><span class='ocrx_word' id='word_1_99' title='bbox 80 1885 158 1964; x_wconf 80' lang='grc' dir='ltr'><strong><em>κάγιδ</em></strong></span> <span class='ocrx_word' id='word_1_100' title='bbox 182 1884 285 1953; x_wconf 82' lang='grc' dir='ltr'><strong><em>εἷπον·</em></strong></span> <span class='ocrx_word' id='word_1_101' title='bbox 306 1886 367 1951; x_wconf 77' lang='grc' dir='ltr'><strong><em>Καὶ</em></strong></span> <span class='ocrx_word' id='word_1_102' title='bbox 390 1889 478 1963; x_wconf 81' lang='grc' dir='ltr'><strong><em>ήμεῖς</em></strong></span> <span class='ocrx_word' id='word_1_103' title='bbox 499 1909 543 1950; x_wconf 93' lang='grc' dir='ltr'><strong><em>σοι</em></strong></span> <span class='ocrx_word' id='word_1_104' title='bbox 561 1887 706 1964; x_wconf 85' lang='grc' dir='ltr'><strong><em>άνθρωποι</em></strong></span> <span class='ocrx_word' id='word_1_105' title='bbox 719 1884 872 1963; x_wconf 78' lang='grc' dir='ltr'><strong><em>νεήλυδες,</em></strong></span> <span class='ocrx_word' id='word_1_106' title='bbox 885 1883 906 1950; x_wconf 78' lang='grc' dir='ltr'><strong><em>ὦ</em></strong></span> <span class='ocrx_word' id='word_1_107' title='bbox 919 1889 1029 1967; x_wconf 88' lang='grc' dir='ltr'><strong><em>πάτερ,</em></strong></span> 
     </span>
     <span class='ocr_line' id='line_1_14' title="bbox 82 2005 1029 2090; baseline 0 -19"><span class='ocrx_word' id='word_1_108' title='bbox 82 2009 154 2090; x_wconf 75' lang='grc' dir='ltr'><strong><em>αὐτῷ</em></strong></span> <span class='ocrx_word' id='word_1_109' title='bbox 178 2008 296 2088; x_wconf 84' lang='grc' dir='ltr'><strong><em>σκάφει</em></strong></span> <span class='ocrx_word' id='word_1_110' title='bbox 323 2005 421 2088; x_wconf 80' lang='grc' dir='ltr'><strong><em>πρῴην</em></strong></span> <span class='ocrx_word' id='word_1_111' title='bbox 449 2007 688 2078; x_wconf 82' lang='grc' dir='ltr'><strong><em>καταποθέντες.</em></strong></span> <span class='ocrx_word' id='word_1_112' title='bbox 712 2007 899 2083; x_wconf 70' lang='grc' dir='ltr'><strong><em>προήλθομεν</em></strong></span> <span class='ocrx_word' id='word_1_113' title='bbox 925 2007 955 2071; x_wconf 80' lang='grc' dir='ltr'><strong><em>δὲ</em></strong></span> <span class='ocrx_word' id='word_1_114' title='bbox 980 2012 1029 2072; x_wconf 80' lang='grc' dir='ltr'><strong><em>νῦν</em></strong></span> 
     </span>
     <span class='ocr_line' id='line_1_15' title="bbox 84 2123 1028 2209; baseline 0.001 -17"><span class='ocrx_word' id='word_1_115' title='bbox 84 2125 252 2206; x_wconf 82' lang='grc' dir='ltr'><strong><em>βουλόμενοι</em></strong></span> <span class='ocrx_word' id='word_1_116' title='bbox 275 2129 386 2207; x_wconf 82' lang='grc' dir='ltr'><strong><em>μαθεῖν</em></strong></span> <span class='ocrx_word' id='word_1_117' title='bbox 407 2128 449 2191; x_wconf 84' lang='grc' dir='ltr'><strong><em>τά</em></strong></span> <span class='ocrx_word' id='word_1_118' title='bbox 472 2127 502 2191; x_wconf 84' lang='grc' dir='ltr'><strong><em>έν</em></strong></span> <span class='ocrx_word' id='word_1_119' title='bbox 518 2137 557 2209; x_wconf 81' lang='grc' dir='ltr'><strong><em>πή</em></strong></span> <span class='ocrx_word' id='word_1_120' title='bbox 571 2123 628 2207; x_wconf 76' lang='grc' dir='ltr'><strong><em>ὕλη</em></strong></span> <span class='ocrx_word' id='word_1_121' title='bbox 640 2130 678 2197; x_wconf 78' lang='grc' dir='ltr'><strong><em>ὡς</em></strong></span> <span class='ocrx_word' id='word_1_122' title='bbox 693 2127 779 2206; x_wconf 83' lang='grc' dir='ltr'><strong><em>ἔχει·</em></strong></span> <span class='ocrx_word' id='word_1_123' title='bbox 793 2130 893 2202; x_wconf 75' lang='grc' dir='ltr'><strong><em>πολλή</em></strong></span> <span class='ocrx_word' id='word_1_124' title='bbox 907 2127 970 2207; x_wconf 91' lang='grc' dir='ltr'><strong><em>γάρ</em></strong></span> <span class='ocrx_word' id='word_1_125' title='bbox 982 2153 1028 2200; x_wconf 76' lang='grc' dir='ltr'><strong><em>τις</em></strong></span> 
     </span>
     <span class='ocr_line' id='line_1_16' title="bbox 83 2245 1029 2330; baseline 0.003 -19"><span class='ocrx_word' id='word_1_126' title='bbox 83 2251 124 2314; x_wconf 80' lang='grc' dir='ltr'><strong><em>καί</em></strong></span> <span class='ocrx_word' id='word_1_127' title='bbox 147 2251 255 2322; x_wconf 79' lang='grc' dir='ltr'><strong><em>λάσιος</em></strong></span> <span class='ocrx_word' id='word_1_128' title='bbox 280 2249 437 2330; x_wconf 80' lang='grc' dir='ltr'><strong><em>ἐφαίνετο.</em></strong></span> <span class='ocrx_word' id='word_1_129' title='bbox 463 2249 580 2325; x_wconf 81' lang='grc' dir='ltr'><strong><em>δαίμων</em></strong></span> <span class='ocrx_word' id='word_1_130' title='bbox 603 2247 635 2313; x_wconf 89' lang='grc' dir='ltr'><strong><em>δέ</em></strong></span> <span class='ocrx_word' id='word_1_131' title='bbox 659 2273 721 2323; x_wconf 81' lang='grc' dir='ltr'><strong><em>τις,</em></strong></span> <span class='ocrx_word' id='word_1_132' title='bbox 745 2250 783 2320; x_wconf 76' lang='grc' dir='ltr'><strong><em>ὡς</em></strong></span> <span class='ocrx_word' id='word_1_133' title='bbox 809 2245 919 2323; x_wconf 77' lang='grc' dir='ltr'><strong><em>ἔοικεν,</em></strong></span> <span class='ocrx_word' id='word_1_134' title='bbox 946 2252 1029 2326; x_wconf 78' lang='grc' dir='ltr'><strong><em>ήμάο</em></strong></span> 
     </span>
     <span class='ocr_line' id='line_1_17' title="bbox 80 2368 1029 2458; baseline -0.002 -21"><span class='ocrx_word' id='word_1_135' title='bbox 80 2370 187 2458; x_wconf 77' lang='grc' dir='ltr'><strong><em>ήγαγε,</em></strong></span> <span class='ocrx_word' id='word_1_136' title='bbox 211 2374 247 2437; x_wconf 90' lang='grc' dir='ltr'><strong><em>σε’</em></strong></span> <span class='ocrx_word' id='word_1_137' title='bbox 271 2396 291 2436; x_wconf 86' lang='grc' dir='ltr'><strong><em>τ</em></strong></span> <span class='ocrx_word' id='word_1_138' title='bbox 294 2370 487 2448; x_wconf 78' lang='grc' dir='ltr'><strong><em>’ὀψομένους</em></strong></span> <span class='ocrx_word' id='word_1_139' title='bbox 512 2371 610 2434; x_wconf 82' lang='grc' dir='ltr'><strong><em>καὶ’</em></strong></span> <span class='ocrx_word' id='word_1_140' title='bbox 585 2368 754 2447; x_wconf 81' lang='grc' dir='ltr'><strong><em>εισομένουι</em></strong></span> <span class='ocrx_word' id='word_1_141' title='bbox 779 2394 825 2435; x_wconf 88' lang='grc' dir='ltr'><strong><em>οτι</em></strong></span> <span class='ocrx_word' id='word_1_142' title='bbox 846 2395 890 2447; x_wconf 92' lang='grc' dir='ltr'><strong><em>μη</em></strong></span> <span class='ocrx_word' id='word_1_143' title='bbox 876 2369 1029 2448; x_wconf 84' lang='grc' dir='ltr'><strong><em>μόνοιέν</em></strong></span> 
     </span>
     <span class='ocr_line' id='line_1_18' title="bbox 79 2491 1030 2594; baseline 0.003 -41"><span class='ocrx_word' id='word_1_144' title='bbox 79 2493 145 2571; x_wconf 84' lang='grc' dir='ltr'><strong><em>τῳδε</em></strong></span> <span class='ocrx_word' id='word_1_145' title='bbox 169 2491 378 2572; x_wconf 86' lang='grc' dir='ltr'><strong><em>καθείργμεθα</em></strong></span> <span class='ocrx_word' id='word_1_146' title='bbox 357 2494 444 2571; x_wconf 77' lang='grc' dir='ltr'><strong><em>ατῷ</em></strong></span> <span class='ocrx_word' id='word_1_147' title='bbox 465 2491 570 2570; x_wconf 86' lang='grc' dir='ltr'><strong><em>θηρίῳ·</em></strong></span> <span class='ocrx_word' id='word_1_148' title='bbox 589 2491 676 2561; x_wconf 69' lang='grc' dir='ltr'><strong><em>ἄλλά</em></strong></span> <span class='ocrx_word' id='word_1_149' title='bbox 691 2493 907 2594; x_wconf 75' lang='grc' dir='ltr'><strong><em>Φράσονγ’“</em></strong></span> <span class='ocrx_word' id='word_1_150' title='bbox 891 2515 963 2568; x_wconf 92' lang='grc' dir='ltr'><strong><em>ημιν</em></strong></span> <span class='ocrx_word' id='word_1_151' title='bbox 975 2517 1030 2567; x_wconf 92' lang='grc' dir='ltr'><strong><em>την</em></strong></span> 
     </span>
     <span class='ocr_line' id='line_1_19' title="bbox 79 2607 1029 2698; baseline 0.004 -26"><span class='ocrx_word' id='word_1_152' title='bbox 79 2633 183 2680; x_wconf 88' lang='grc' dir='ltr'><strong><em>σαυτου</em></strong></span> <span class='ocrx_word' id='word_1_153' title='bbox 208 2613 321 2693; x_wconf 80' lang='grc' dir='ltr'><strong><em>τύχην,</em></strong></span> <span class='ocrx_word' id='word_1_154' title='bbox 346 2608 429 2683; x_wconf 76' lang='grc' dir='ltr'><strong><em>όσπις</em></strong></span> <span class='ocrx_word' id='word_1_155' title='bbox 447 2609 478 2675; x_wconf 88' lang='grc' dir='ltr'><strong><em>τ’</em></strong></span> <span class='ocrx_word' id='word_1_156' title='bbox 501 2611 538 2674; x_wconf 77' lang='grc' dir='ltr'><strong><em>ιδν</em></strong></span> <span class='ocrx_word' id='word_1_157' title='bbox 560 2607 676 2698; x_wconf 70' lang='grc' dir='ltr'><strong><em>[καὶ]”</em></strong></span> <span class='ocrx_word' id='word_1_158' title='bbox 658 2635 736 2684; x_wconf 80' lang='grc' dir='ltr'><strong><em>οπεος</em></strong></span> <span class='ocrx_word' id='word_1_159' title='bbox 757 2613 1006 2690; x_wconf 77' lang='grc' dir='ltr'><strong><em>δεῦροείοήλθες.</em></strong></span> <span class='ocrx_word' id='word_1_160' title='bbox 1016 2615 1029 2676; x_wconf 90' lang='grc' dir='ltr'><strong><em>ό</em></strong></span> 
     </span>
     <span class='ocr_line' id='line_1_20' title="bbox 78 2729 1029 2815; baseline 0.003 -21"><span class='ocrx_word' id='word_1_161' title='bbox 78 2729 100 2794; x_wconf 94' lang='grc' dir='ltr'><strong><em>δ</em></strong></span> <span class='ocrx_word' id='word_1_162' title='bbox 119 2735 149 2799; x_wconf 84' lang='grc' dir='ltr'><strong><em>οὐ</em></strong></span> <span class='ocrx_word' id='word_1_163' title='bbox 172 2737 310 2815; x_wconf 90' lang='grc' dir='ltr'><strong><em>πρότερον</em></strong></span> <span class='ocrx_word' id='word_1_164' title='bbox 332 2730 429 2813; x_wconf 82' lang='grc' dir='ltr'><strong><em>ἐ’φη</em></strong></span> <span class='ocrx_word' id='word_1_165' title='bbox 415 2757 489 2812; x_wconf 91' lang='grc' dir='ltr'><strong><em>ερειν</em></strong></span> <span class='ocrx_word' id='word_1_166' title='bbox 509 2733 575 2798; x_wconf 83' lang='grc' dir='ltr'><strong><em>οὐδὲ</em></strong></span> <span class='ocrx_word' id='word_1_167' title='bbox 597 2733 764 2796; x_wconf 85' lang='grc' dir='ltr'><strong><em>πεύσεσθαι</em></strong></span> <span class='ocrx_word' id='word_1_168' title='bbox 779 2734 851 2811; x_wconf 88' lang='grc' dir='ltr'><strong><em>παρ’</em></strong></span> <span class='ocrx_word' id='word_1_169' title='bbox 865 2732 1029 2814; x_wconf 79' lang='grc' dir='ltr'><strong><em>ήμῶνπριν</em></strong></span> 
     </span>
     <span class='ocr_line' id='line_1_21' title="bbox 76 2849 1060 2942; baseline 0.003 -25"><span class='ocrx_word' id='word_1_170' title='bbox 76 2849 171 2927; x_wconf 77' lang='grc' dir='ltr'><strong><em>ξενίων</em></strong></span> <span class='ocrx_word' id='word_1_171' title='bbox 191 2857 252 2942; x_wconf 78' lang='grc' dir='ltr'><strong><em>(ἐκ)</em></strong></span> <span class='ocrx_word' id='word_1_172' title='bbox 274 2862 332 2919; x_wconf 81' lang='grc' dir='ltr'><strong><em>τῶν</em></strong></span> <span class='ocrx_word' id='word_1_173' title='bbox 351 2852 506 2934; x_wconf 83' lang='grc' dir='ltr'><strong><em>παρόντοιν</em></strong></span> <span class='ocrx_word' id='word_1_174' title='bbox 526 2855 730 2932; x_wconf 83' lang='grc' dir='ltr'><strong><em>μεταδοῦναι,</em></strong></span> <span class='ocrx_word' id='word_1_175' title='bbox 753 2855 804 2918; x_wconf 78' lang='grc' dir='ltr'><strong><em>καί</em></strong></span> <span class='ocrx_word' id='word_1_176' title='bbox 823 2855 931 2932; x_wconf 80' lang='grc' dir='ltr'><strong><em>λαβὼν</em></strong></span> <span class='ocrx_word' id='word_1_177' title='bbox 944 2857 1028 2932; x_wconf 76' lang='grc' dir='ltr'><strong><em>ήμῖις</em></strong></span> <span class='ocrx_word' id='word_1_178' title='bbox 1058 2861 1060 2868; x_wconf 78' lang='grc'>’</span> 
     </span>
     <span class='ocr_line' id='line_1_22' title="bbox 77 2965 1027 3054; baseline 0.002 -15"><span class='ocrx_word' id='word_1_179' title='bbox 77 2971 145 3051; x_wconf 86' lang='grc' dir='ltr'><strong><em>ήγεν</em></strong></span> <span class='ocrx_word' id='word_1_180' title='bbox 165 2978 215 3041; x_wconf 76' lang='grc' dir='ltr'><strong><em>ἐπὶ</em></strong></span> <span class='ocrx_word' id='word_1_181' title='bbox 238 2979 291 3051; x_wconf 80' lang='grc' dir='ltr'><strong><em>τήν</em></strong></span> <span class='ocrx_word' id='word_1_182' title='bbox 309 2977 405 3041; x_wconf 80' lang='grc' dir='ltr'><strong><em>οὶκίαν</em></strong></span> <span class='ocrx_word' id='word_1_183' title='bbox 420 3013 460 3025; x_wconf 88' lang='lat'><em>-</em></span> <span class='ocrx_word' id='word_1_184' title='bbox 476 2975 638 3048; x_wconf 80' lang='grc' dir='ltr'><strong><em>ἐπεποίητο</em></strong></span> <span class='ocrx_word' id='word_1_185' title='bbox 653 2974 680 3041; x_wconf 87' lang='grc' dir='ltr'><strong><em>δ’</em></strong></span> <span class='ocrx_word' id='word_1_186' title='bbox 695 2965 833 3054; x_wconf 73' lang='grc' dir='ltr'><strong><em>αὐτάρκη</em></strong></span> <span class='ocrx_word' id='word_1_187' title='bbox 848 2979 898 3040; x_wconf 79' lang='grc' dir='ltr'><strong><em>καί</em></strong></span> <span class='ocrx_word' id='word_1_188' title='bbox 914 2979 1027 3052; x_wconf 75' lang='grc' dir='ltr'><strong><em>στιβά-</em></strong></span> 
     </span>
     <span class='ocr_line' id='line_1_23' title="bbox 77 3093 1026 3176; baseline 0.004 -19"><span class='ocrx_word' id='word_1_189' title='bbox 77 3093 126 3164; x_wconf 76' lang='grc' dir='ltr'><strong><em>δας</em></strong></span> <span class='ocrx_word' id='word_1_190' title='bbox 154 3097 355 3176; x_wconf 87' lang='grc' dir='ltr'><strong><em>ἐνῳκοδόμητο</em></strong></span> <span class='ocrx_word' id='word_1_191' title='bbox 380 3097 433 3160; x_wconf 79' lang='grc' dir='ltr'><strong><em>καί</em></strong></span> <span class='ocrx_word' id='word_1_192' title='bbox 459 3094 568 3160; x_wconf 78' lang='grc' dir='ltr'><strong><em>τάλλα</em></strong></span> <span class='ocrx_word' id='word_1_193' title='bbox 591 3094 733 3174; x_wconf 74' lang='grc' dir='ltr'><strong><em>ἐξήρτυτο</em></strong></span> <span class='ocrx_word' id='word_1_194' title='bbox 762 3135 804 3146; x_wconf 85' lang='grc'><strong><em>-</em></strong></span> <span class='ocrx_word' id='word_1_195' title='bbox 829 3097 975 3175; x_wconf 74' lang='grc' dir='ltr'><strong><em>παραθεὶς</em></strong></span> <span class='ocrx_word' id='word_1_196' title='bbox 1000 3097 1026 3161; x_wconf 83' lang='grc' dir='ltr'><strong><em>δ’</em></strong></span> 
     </span>
     <span class='ocr_line' id='line_1_24' title="bbox 77 3211 1027 3299; baseline 0 -19"><span class='ocrx_word' id='word_1_197' title='bbox 77 3216 143 3290; x_wconf 70' lang='grc' dir='ltr'><strong><em>ἡμῖν</em></strong></span> <span class='ocrx_word' id='word_1_198' title='bbox 162 3216 295 3298; x_wconf 78' lang='grc' dir='ltr'><strong><em>λάχανά</em></strong></span> <span class='ocrx_word' id='word_1_199' title='bbox 315 3241 350 3282; x_wconf 90' lang='grc' dir='ltr'><strong><em>τε</em></strong></span> <span class='ocrx_word' id='word_1_200' title='bbox 366 3217 418 3282; x_wconf 83' lang='grc' dir='ltr'><strong><em>καί</em></strong></span> <span class='ocrx_word' id='word_1_201' title='bbox 435 3217 583 3297; x_wconf 88' lang='grc' dir='ltr'><strong><em>άκρόδρυα</em></strong></span> <span class='ocrx_word' id='word_1_202' title='bbox 600 3217 652 3280; x_wconf 81' lang='grc' dir='ltr'><strong><em>καί</em></strong></span> <span class='ocrx_word' id='word_1_203' title='bbox 666 3217 772 3299; x_wconf 79' lang='grc' dir='ltr'><strong><em>ἰχθῦς,</em></strong></span> <span class='ocrx_word' id='word_1_204' title='bbox 787 3216 831 3281; x_wconf 83' lang='grc' dir='ltr'><strong><em>έτι</em></strong></span> <span class='ocrx_word' id='word_1_205' title='bbox 845 3216 940 3281; x_wconf 80' lang='grc' dir='ltr'><strong><em>δέκαί</em></strong></span> <span class='ocrx_word' id='word_1_206' title='bbox 953 3211 1027 3281; x_wconf 79' lang='grc' dir='ltr'><strong><em>οἶνον</em></strong></span> 
     </span>
     <span class='ocr_line' id='line_1_25' title="bbox 76 3311 1025 3425; baseline 0.004 -27"><span class='ocrx_word' id='word_1_207' title='bbox 76 3335 201 3425; x_wconf 76' lang='grc' dir='ltr'><strong><em>ἐγχέας,</em></strong></span> <span class='ocrx_word' id='word_1_208' title='bbox 212 3339 312 3414; x_wconf 82' lang='grc' dir='ltr'><strong><em>ἐπειδή</em></strong></span> <span class='ocrx_word' id='word_1_209' title='bbox 325 3341 435 3410; x_wconf 79' lang='grc' dir='ltr'><strong><em>ἱκανῶς</em></strong></span> <span class='ocrx_word' id='word_1_210' title='bbox 451 3339 657 3419; x_wconf 82' lang='grc' dir='ltr'><strong><em>ἐκορέσθημεν,</em></strong></span> <span class='ocrx_word' id='word_1_211' title='bbox 667 3337 849 3404; x_wconf 87' lang='grc' dir='ltr'><strong><em>ἐπυνθάνετο</em></strong></span> <span class='ocrx_word' id='word_1_212' title='bbox 862 3334 883 3402; x_wconf 85' lang='grc' dir='ltr'><strong><em>ά</em></strong></span> <span class='ocrx_word' id='word_1_213' title='bbox 897 3311 1025 3404; x_wconf 71' lang='grc' dir='ltr'><strong><em>ἐπετίόν-</em></strong></span> 
     </span>
     <span class='ocr_line' id='line_1_26' title="bbox 78 3457 1026 3540; baseline 0.004 -22"><span class='ocrx_word' id='word_1_214' title='bbox 78 3457 188 3534; x_wconf 80' lang='grc' dir='ltr'><strong><em>θειμεν·</em></strong></span> <span class='ocrx_word' id='word_1_215' title='bbox 210 3457 297 3540; x_wconf 79' lang='grc' dir='ltr'><strong><em>κάγθι</em></strong></span> <span class='ocrx_word' id='word_1_216' title='bbox 319 3459 426 3527; x_wconf 91' lang='grc' dir='ltr'><strong><em>πάντα</em></strong></span> <span class='ocrx_word' id='word_1_217' title='bbox 446 3458 514 3535; x_wconf 73' lang='grc' dir='ltr'><strong><em>ἐέής</em></strong></span> <span class='ocrx_word' id='word_1_218' title='bbox 536 3460 743 3538; x_wconf 88' lang='grc' dir='ltr'><strong><em>διηγησάμην,</em></strong></span> <span class='ocrx_word' id='word_1_219' title='bbox 767 3459 817 3523; x_wconf 90' lang='grc' dir='ltr'><strong><em>τόν</em></strong></span> <span class='ocrx_word' id='word_1_220' title='bbox 837 3483 872 3523; x_wconf 89' lang='grc' dir='ltr'><strong><em>τε</em></strong></span> <span class='ocrx_word' id='word_1_221' title='bbox 884 3467 1026 3538; x_wconf 80' lang='grc' dir='ltr'><strong><em>χειμῶνα</em></strong></span> 
     </span>
    </p>
   </div>
   <div class='ocr_carea' id='block_1_5' title="bbox 76 3580 1029 3751">
    <p class='ocr_par' dir='ltr' id='par_1_5' title="bbox 76 3580 1029 3751">
     <span class='ocr_line' id='line_1_27' title="bbox 76 3580 1029 3664; baseline 0.007 -25"><span class='ocrx_word' id='word_1_222' title='bbox 76 3580 124 3642; x_wconf 84' lang='grc' dir='ltr'><strong><em>καί</em></strong></span> <span class='ocrx_word' id='word_1_223' title='bbox 138 3580 179 3648; x_wconf 83' lang='grc' dir='ltr'><strong><em>τά</em></strong></span> <span class='ocrx_word' id='word_1_224' title='bbox 193 3583 222 3646; x_wconf 87' lang='grc' dir='ltr'><strong><em>όν</em></strong></span> <span class='ocrx_word' id='word_1_225' title='bbox 237 3591 275 3664; x_wconf 72' lang='grc' dir='ltr'><strong><em>τῇ</em></strong></span> <span class='ocrx_word' id='word_1_226' title='bbox 288 3584 365 3663; x_wconf 86' lang='grc' dir='ltr'><strong><em>νήσῳ</em></strong></span> <span class='ocrx_word' id='word_1_227' title='bbox 378 3581 430 3647; x_wconf 80' lang='grc' dir='ltr'><strong><em>καί</em></strong></span> <span class='ocrx_word' id='word_1_228' title='bbox 444 3584 495 3647; x_wconf 83' lang='grc' dir='ltr'><strong><em>τόν</em></strong></span> <span class='ocrx_word' id='word_1_229' title='bbox 509 3581 539 3645; x_wconf 91' lang='grc' dir='ltr'><strong><em>ἐν</em></strong></span> <span class='ocrx_word' id='word_1_230' title='bbox 551 3583 593 3661; x_wconf 75' lang='grc' dir='ltr'><strong><em>τῷ</em></strong></span> <span class='ocrx_word' id='word_1_231' title='bbox 609 3581 670 3660; x_wconf 85' lang='grc' dir='ltr'><strong><em>άέρι</em></strong></span> <span class='ocrx_word' id='word_1_232' title='bbox 686 3587 792 3658; x_wconf 81' lang='grc' dir='ltr'><strong><em>πλοῦν,</em></strong></span> <span class='ocrx_word' id='word_1_233' title='bbox 807 3582 859 3646; x_wconf 78' lang='grc' dir='ltr'><strong><em>καί</em></strong></span> <span class='ocrx_word' id='word_1_234' title='bbox 873 3582 924 3646; x_wconf 81' lang='grc' dir='ltr'><strong><em>τὸν</em></strong></span> <span class='ocrx_word' id='word_1_235' title='bbox 937 3581 1029 3646; x_wconf 75' lang='grc' dir='ltr'><strong><em>πόλε-</em></strong></span> 
     </span>
     <span class='ocr_line' id='line_1_28' title="bbox 921 3705 936 3751; baseline 0 0"><span class='ocrx_word' id='word_1_236' title='bbox 921 3705 936 3751; x_wconf 82' lang='grc'><strong>6</strong></span> 
     </span>
    </p>
   </div>
   <div class='ocr_carea' id='block_1_6' title="bbox 0 0 1302 4128">
    <p class='ocr_par' dir='ltr' id='par_1_6' title="bbox 0 0 1302 4128">
     <span class='ocr_line' id='line_1_29' title="bbox 0 0 1302 4128; baseline 0 1"><span class='ocrx_word' id='word_1_237' title='bbox 0 0 1302 4128; x_wconf 95' lang='lat' dir='ltr'><strong><em> </em></strong></span> 
     </span>
    </p>
   </div>
  </div>
 </body>
</html>
