2594 4128
294 349 483 407 ONE1P02
509 350 536 406 H
561 350 843 408 Αλεκτεοιοιυ.
984 336 1048 409 123
1139 367 1141 372 ·

73 531 295 610 προσκυνήσας
316 531 427 613 οἰσήειν
445 529 613 611 εύχθμενος
629 527 730 596 άπασι
744 530 819 601 θεοῖς
833 529 964 605 ήπθαλθν
977 553 1045 595 τινα

74 654 91 730 ή
119 659 287 731 πλευρῖτιν
310 651 328 727 ή
352 651 516 734 ποδάγραν
539 652 717 731 ἐπιπέμψαι
742 651 784 733 τῷ
807 650 1046 733 μαλακιζομένῳ

74 776 197 859 ε’κεένιρ,
234 771 270 839 ού
301 773 425 856 έφεὺροι
449 775 511 852 ἐγὼ
536 773 588 839 καί
614 774 803 846 άντθδειπνος
825 773 878 840 καί
905 772 1047 854 διάδοχος

74 897 279 974 ἐκεκλήμην·
305 893 357 961 καί
376 897 411 962 τὸ
425 894 501 978 άχρι
515 899 567 961 τοὺ
581 883 705 973 λουτροῦ
719 897 815 961 αἰῶνα
827 894 975 972 μήκιστον
987 893 1047 960 έτι·

75 1019 192 1096 θέμην,
224 1017 354 1097 συνεχές
380 1019 550 1084 ἐπισκοπῶν
574 1017 748 1083 θποσάπουν
770 1018 804 1081 τί
829 1023 981 1098 στοιχεῖον
1004 1013 1049 1092 εἰη

76 1139 130 1205 καί
165 1139 287 1213 πηνέκα
317 1138 372 1215 ήδη
402 1140 528 1204 λοῦσθαι
553 1138 622 1204 δέοι.
647 1138 781 1214 κάπειθή
807 1163 883 1203 ποτε
908 1137 921 1201 θ
947 1136 1047 1217 καιρὸς

76 1261 229 1340 οἰφίκετο,
248 1259 435 1342 πρίςτάχος
449 1235 583 1338 ἐμαυτὸν
595 1260 776 1341 ἀπορρύψας
789 1258 901 1336 άπειμι
915 1261 1047 1337 κοσμίως

77 1381 175 1458 μάλα
197 1383 493 1468 ἐσχηματισμένος,
512 1381 713 1462 ἀναστρέψας
731 1384 766 1447 τὸ
778 1379 984 1462 τριβάνιονιὺς
997 1383 1047 1446 ε’πί
1150 1469 1152 1472 ¹

78 1509 132 1568 τοὺ
155 1479 367 1584 καθαρωτέρου
388 1503 503 1583 γένοιτο
525 1503 709 1582 ήοίναβολή.
736 1503 787 1569 10.
802 1501 1049 1581 καταλαμβάνω

79 1623 110 1688 δὲ
137 1625 213 1705 πρὸς
233 1632 306 1697 ταῖς
328 1625 427 1706 θύραις
448 1623 567 1724 άλλουςΙ
587 1649 622 1691 τε
644 1628 777 1698 πολλοὺς
797 1627 849 1690 καί
864 1625 1050 1698 δήκοίκεῖνον

80 1745 221 1826 φοράδην
247 1746 303 1810 ὑπὸ
330 1746 487 1827 τεττάρων
511 1747 739 1831 κεκομισμένον,
761 1741 782 1828 ᾧ
803 1749 837 1823 μ’
860 1745 1049 1810 ὑποδειπνεῖν

82 1862 159 1940 ἔδει,
179 1868 233 1932 τὸν
255 1875 351 1932 νοσεῖν
371 1868 550 1947 λεγθμενον.
577 1869 626 1931 ιίαἰ
641 1867 747 1942 ἐδήλου
760 1866 791 1932 δέ
804 1868 934 1946 πονήρως
948 1868 1048 1947 ἔχων·

84 1987 234 2054 ὑπέστενε
259 1993 333 2067 γοῦν
353 1989 404 2052 καί
432 1986 549 2066 ἔβηττε
577 1989 691 2068 μύχιθν
718 2012 747 2052 τι
772 1988 823 2052 καί
849 1986 1045 2070 ἐχρέμπτετο

83 2107 296 2195 δυσπρθσοδον,
318 2111 413 2191 ὠχρὸς
435 2107 503 2182 ύλος
524 2109 561 2174 θον
581 2110 633 2174 καί
654 2109 799 2191 ὑιῳὺηκὺς
818 2108 907 2189 άμφί
926 2109 969 2174 τά
983 2107 1051 2184 έξή·

84 2254 178 2296 κοντα
202 2230 256 2302 έτη
278 2230 409 2312 σχεδόν·
434 2231 563 2310 ἐλέγετο
583 2231 615 2296 ὑὲ
635 2230 807 2313 φιλόσοφός
827 2256 874 2302 τις
895 2225 971 2295 εἰναι
991 2236 1049 2295 τῶν

84 2349 155 2431 πρὸς
188 2355 232 2418 τά
256 2352 402 2433 μειράκια
425 2353 653 2434 φλυαρούντων.
681 2355 694 2418 θ
719 2357 793 2431 γοῦν
819 2353 931 2431 πάγων
955 2351 1048 2430 μάλα

84 2473 233 2553 τραγικὸς
267 2470 300 2548 ήν
325 2475 355 2546 ἐς
381 2473 553 2554 ὑπερβολήν
579 2479 708 2554 κουριῶν.
734 2476 786 2539 καί
812 2474 991 2551 αἰτιωμένου
1015 2476 1050 2550 γ’

85 2595 252 2676 Ἀρχιβίου
278 2601 330 2660 τοὺ
356 2597 470 2677 ἰατροὺ,
498 2569 578 2662 Ιθιθτι
601 2593 695 2668 οὑτως
719 2595 799 2678 έχων
823 2596 973 2674 άφθκετο,
996 2595 1051 2660 T&

86 2716 280 2808 καθήκοντα,
300 2715 380 2798 ἔφη,
395 2720 427 2783 ού
439 2719 500 2798 χρή
513 2715 680 2795 προὺιδύναι
695 2716 747 2781 καί
761 2722 866 2781 ταῦτα
878 2717 1050 2798 φιλθσοφον

87 2833 196 2918 άνδρα,
230 2837 288 2904 κάν
312 2839 420 2916 μυρίαι
445 2839 521 2904 νθσοι
548 2840 686 2915 ἐμποδὼν
709 2840 870 2903 ἱστῶνται·
896 2841 1051 2918 ήγήσεται

88 2957 151 3037 γάρ
185 2959 226 3044 (ὑ)
260 2960 421 3039 Εύκράτης
454 2962 681 3040 ὑπερεωρᾶσθαι
705 2962 777 3041 πρὸς
803 2964 895 3038 ήμῶν.
921 2962 969 3026 Ού
993 2962 1050 3037 μέν

89 3071 148 3156 οὖν,
162 3075 246 3144 εἰπον
260 3079 340 3159 ἐγώ,
355 3084 429 3146 άλλ’
443 3081 642 3148 ἐπαινέσεταί
655 3106 699 3159 σε,
714 3081 749 3157 ήν
761 3081 831 3147 οἰκον
845 3081 932 3162 παρά
945 3082 1050 3162 σαυτῷ

90 3202 213 3276 μάλλον
232 3201 395 3267 άποθανείν
408 3175 516 3284 ε’θέλης
538 3203 613 3283 ήπερ
634 3203 663 3267 ἐν
683 3205 725 3284 τῷ
745 3202 905 3282 σνμποοθῳ
918 3206 1051 3267 συναπο-

91 3320 316 3403 χρεμψάμενος
326 3324 381 3399 τήν
389 3325 496 3404 ψυχήν
505 3317 590 3401 μετά
601 3331 654 3390 τοῦ
662 3325 864 3405 φλέγματος.
873 3323 981 3394 ἐκεῖνος
992 3323 1050 3400 μέν

93 3433 140 3504 νύν
165 3442 223 3507 ὑπὸ
243 3444 520 3526 μεγαλοφροσύνης
542 3449 574 3511 ού
594 3453 801 3524 προσεποιεῖτο
821 3442 984 3518 άκηκοέναι
998 3447 1051 3510 τοὺ

92 3561 297 3641 σκώμματος·
318 3566 496 3647 ἐφέστασαν
510 3567 541 3632 δὲ
554 3568 640 3646 μετά
652 3569 757 3647 μικρθν
769 3562 931 3646 Εὐκράτης
944 3581 1054 3632 λελου-
