2640 4138
562 350 666 394 xxxlx

115 517 179 586 dus
205 519 254 580 esi
278 516 428 580 amiculus
452 517 520 582 τῶν.
549 555 590 566 -
615 540 639 582 c.
667 497 719 582 39'.
744 521 776 582 σύ
802 519 922 582 δοκεῖν
947 519 1100 593 οἰηθεὶς

115 639 204 703 δεῖν
229 636 318 716 μόνος
344 679 387 690 -
413 659 450 702 ex
476 639 606 722 optimis
625 633 715 704 libris
736 642 768 704 σύ
793 639 1099 717 δοκιμάσας.-

118 761 198 824 ιὶλλ’
219 760 280 836 ἐγὼ
303 757 414 835 ἄπειμι
435 757 513 841 ἔφην
535 798 576 808 -
603 782 675 825 cum
694 761 890 851 E'piizschiO,
915 763 1019 828 varias
1045 783 1099 826 co-

123 881 230 946 dicum
250 880 403 945 lectiones
424 881 562 947 rimante
582 883 615 946 ei
633 883 799 968 iurgante,
812 887 886 968 posi
899 882 977 962 ἔφην
991 884 1099 948 addidi

127 1001 264 1078 λέγων.
296 1001 350 1085 (In
370 1004 554 1066 iranscursu
577 1003 735 1087 corrigam
755 1003 986 1070 Pseudo-Plus.
1002 1003 1043 1068 V.
1056 1003 1098 1068 H.

129 1123 209 1201 180,
228 1122 281 1187 τὸν
301 1121 518 1204 πρεσβύτατον
536 1123 662 1202 λέγειν,
683 1125 739 1189 ubi
759 1125 912 1209 scriptum
925 1129 1035 1190 creir.
1049 1149 1098 1204 πρ.

121 1246 276 1324 πρῶτον
301 1244 423 1324 λέγειν,
448 1247 481 1309 ei
504 1243 647 1329 Alciphr.
674 1248 733 1329 Ep.
761 1247 791 1308 1.
819 1247 872 1311 38.
898 1246 1098 1323 διαλέξομαι

119 1375 186 1440 τοῖς
217 1366 366 1451 ἑταίροις,
390 1367 446 1430 ubi
468 1367 644 1432 necessario
668 1367 841 1451 requiriiur
865 1366 1097 1453 διαλέγομαι).

120 1526 166 1536 -
200 1489 253 1552 40.
287 1487 498 1566 rauserias,
536 1509 607 1552 cum
643 1496 697 1562 τῆς
735 1488 937 1565 διηγήσεως
973 1489 1009 1552 in
1045 1493 1097 1553 τοῦ
1184 1463 1186 1468 ,

119 1608 345 1704 δινγήμασσς
371 1611 513 1696 muiarei
532 1609 573 1673 ob
593 1609 698 1673 lusum
717 1609 752 1672 in
773 1609 938 1675 vocabulis
958 1609 1098 1688 διήγημα

120 1733 154 1794 et
187 1731 318 1808 δῆγμα,
351 1731 492 1794 acumini
520 1735 557 1794 ui
586 1731 711 1795 videiur
734 1730 869 1794 nimium
892 1729 1028 1794 indulsii
1050 1730 1100 1794 vir

119 1851 157 1914 in
193 1851 303 1935 paucis
337 1852 532 1936 ingeniosus.
560 1889 600 1900 -
631 1837 685 1914 ἴσα
721 1853 763 1930 τῷ
798 1839 861 1915 novi
900 1851 1027 1914 δύναται
1062 1851 1097 1914 τὸ

120 1973 237 2049 δῆγμα
269 1971 320 2036 καὶ
353 1973 395 2037 ric
428 1973 511 2037 αὐτὰ
545 1974 682 2044 κακεῖνος
716 1972 866 2052 φοβεῖται
897 2010 939 2020 -
970 1972 1098 2056 pepuli,

118 2092 340 2158 Hcrwerdeno
374 2094 560 2170 obsecutus,
585 2095 726 2158 extrema
749 2092 920 2168 vocabula3
945 2092 1015 2155 fieri
1037 2104 1098 2177 p0·'

120 2217 204 2292 tesi,
239 2217 275 2278 ui
304 2215 388 2278 idem
418 2218 504 2280 recte
527 2214 661 2291 eudemi,
685 2212 812 2278 δύναται
837 2214 873 2277 in
897 2213 1096 2278 δύνασθαι

122 2355 191 2402 esse
215 2338 416 2418 mutandum.

161 2443 207 2520 E.
232 2455 351 2520 Rohdii
375 2457 575 2521 coniecturae
600 2458 634 2520 in
655 2456 900 2540 Philopseudem
919 2456 999 2519 duae
1018 2454 1097 2518 mihi

120 2579 353 2661 innotuerunt,
375 2599 447 2641 oum
467 2576 674 2643 haecomnia
692 2578 757 2641 iam
769 2577 886 2660 scripio
899 2579 932 2641 et
943 2597 1097 2661 magnum

121 2702 248 2786 'parbem
275 2700 371 2763 etiam
394 2699 547 2783 impressa
571 2702 685 2763 essent.
734 2697 829 2782 Legit
851 2697 905 2761 ille
931 2718 957 2761 c.
985 2697 1020 2762 5:
1045 2699 1096 2762 σύ-

123 2823 185 2894 aare
223 2820 261 2886 διν
297 2815 336 2884 εὖ
369 2817 478 2902 οἶδα,
509 2821 701 2884 πιστεύσειεν
733 2840 790 2904 pro
824 2818 917 2890 οὐδεὶς
948 2817 985 2882 ἂν
1009 2817 1097 2883 οὐδὲ

124 2943 334 3015 πιστεύσειεν,
363 2945 395 3006 ei
419 2963 444 3006 c.
472 2940 534 3004 15:
561 2935 581 3022 ᾧ
605 2965 643 3018 γε
669 2940 720 3004 καὶ
746 2941 873 3004 δυνατὸν
897 2918 1096 3016 σὶσσσέμπειν

125 3064 238 3136 αὐτούς
270 3084 328 3148 pro
352 3062 387 3126 εἴ
409 3087 449 3140 γε
476 3045 530 3126 ...
556 3063 662 3142 αὐτῷ
689 3061 955 3146 (Philologischer
978 3058 1097 3125 Anaei-

126 3207 183 3270 ger
215 3185 314 3262 1872,
344 3207 376 3268 p.
403 3185 491 3268 492).
516 3183 659 3248 Priorem
680 3182 759 3247 mihi
783 3182 911 3266 quidem
935 3202 1001 3245 non
1024 3203 1098 3266 pcr-

128 3306 242 3384 suasit,
278 3305 434 3390 posterior
464 3305 566 3390 magis
596 3305 716 3388 placei3
750 3307 804 3370 sed
828 3306 911 3383 αὐτῷ
937 3306 1015 3386 puto
1041 3305 1098 3366 ad-

129 3427 230 3490 ditum
253 3448 336 3505 esse,
362 3447 434 3490 cum
459 3421 479 3508 ᾧ
503 3426 624 3491 iamin
649 3427 675 3490 εἱ
700 3427 827 3491 abisset.
