2640 4138
687 337 708 376 X

214 504 321 568 thetae
353 503 545 582 intulerant,
570 506 694 570 mendis
718 503 843 570 fidelem
867 509 899 569 et
923 505 1082 570 sollertem
1106 505 1185 568 mihi

214 648 343 710 operam
363 629 602 710 praestiterunt.
643 628 718 694 Nec
741 629 897 692 minorem
920 629 961 692 ab
981 629 1096 694 exteris
1114 628 1184 712 phi·

213 745 328 831 lologis
379 748 613 813 humanitatem
656 772 726 814 sum
772 753 929 833 expertus.
977 747 1057 814 Cum
1101 748 1185 812 enim

212 868 359 952 religiose
382 891 540 947 caverem,
554 893 607 934 rne
630 871 708 954 quid
732 892 859 950 eorum,
884 871 1024 955 quaeda
1044 869 1184 934 Lucianc

212 991 329 1054 uostris
364 992 562 1076 temporibus
602 996 707 1056 essent
738 993 856 1076 scripta
887 995 920 1057 et
949 993 1099 1067 inventa,
1136 1011 1185 1054 me

211 1112 324 1175 lateret
363 1112 413 1176 vel
454 1113 596 1196 fugeret,
636 1114 738 1177 multa
777 1114 842 1178 vidi
878 1115 914 1178 in
949 1112 1185 1198 prolusionibus

212 1232 409 1298 scholasticis
440 1235 490 1298 vel
513 1236 593 1300 actis
617 1236 786 1314 annalibus
809 1236 859 1300 vel
884 1235 1096 1300 trimestribus
1120 1255 1185 1298 esse

212 1355 435 1438 promulgata,
464 1356 499 1420 iu
530 1357 645 1439 quibus
677 1361 783 1432 erant,
808 1378 890 1440 quac
913 1355 992 1420 mihi
1015 1375 1082 1419 non
1110 1376 1184 1439 pos-

211 1496 276 1538 sem
311 1497 440 1558 parare,
477 1477 539 1540 nisi
568 1479 654 1562 ipsos
685 1478 854 1562 scriptores
886 1477 1021 1563 supplex
1053 1476 1182 1540 adirem.

211 1595 394 1680 Rogantem
418 1620 511 1662 nemo
535 1600 725 1682 repudiavit.
750 1600 908 1664 Miserunt
931 1599 1010 1662 mihi
1029 1597 1184 1661 Ernestus

213 1716 375 1800 Zieglerus
397 1722 430 1782 et
454 1718 552 1783 Oscar
576 1719 814 1784 Wichmannus
839 1721 919 1784 alter
941 1720 1046 1784 studia
1070 1720 1183 1784 Lucia-

212 1859 291 1914 nea,
324 1839 357 1901 in
385 1839 500 1922 quibus
523 1825 740 1924 praestantem
763 1841 874 1905 inveni
897 1833 936 1906 de
958 1839 1042 1904 Galli
1067 1840 1183 1904 codici·

212 1958 271 2022 bus
303 1959 569 2043 disputationem,
602 1962 683 2025 alter
713 1961 874 2038 omnium,
904 1933 985 2045 quae
1008 1961 1184 2026 Lucianum

213 2081 377 2163 spectant,
413 2084 530 2146 recens
558 2082 715 2147 editorum
750 2083 904 2149 librorum
941 2081 1183 2167 libellorumque

211 2175 391 2264 accuratam
416 2181 688 2269 enumerationem
712 2208 745 2267 et
768 2226 941 2268 censuram.
990 2203 1051 2268 His
1078 2204 1182 2268 omni·

210 2319 285 2396 bus,
310 2321 365 2404 qui
387 2326 455 2385 tam
479 2323 618 2408 benigne
641 2328 675 2388 et
697 2325 829 2390 comiter
852 2347 902 2388 me
926 2325 1132 2403 adiuverunt,
1152 2327 1185 2389 et

210 2442 368 2506 veteribus
400 2445 509 2508 amicis
538 2446 571 2508 et
600 2467 710 2511 recens
741 2449 862 2531 paratis
897 2446 1074 2515 studiorum
1109 2446 1180 2510 fau-

210 2562 351 2640 toribus,
376 2564 513 2629 sinceras
537 2567 657 2651 gratias
682 2587 753 2652 ago.

255 2681 323 2746 Iam
357 2684 522 2750 Iacobitzii
562 2689 734 2753 editionem
767 2688 1020 2754 Teubnerianam
1053 2693 1181 2758 ¹secutus
1214 2739 1217 2746 .

210 2800 358 2867 indicabo
382 2805 527 2871 lectionis
552 2809 808 2892 discrepantiam.

621 3041 772 3108 TlMON.

258 3277 287 3338 1.
335 3277 394 3342 Kal
421 3278 546 3359 ἐφέστιε
571 3279 622 3344 uui
647 3282 845 3360 anteponeret
874 3282 925 3346 acl
952 3280 1029 3362 ὅρκιε
1055 3282 1107 3348 καὶ
1134 3307 1180 3346 νε-

213 3397 412 3478 φεληγερέτα
437 3399 561 3462 seiunxi
583 3401 724 3484 epitheta
748 3401 852 3467 ethica
876 3425 895 3466 a
917 3402 1070 3487 physicis,
1103 3404 1179 3470 scri-

210 3517 296 3582 bed
383 3518 433 3542 *⁹
610 3518 655 3543 ““
778 3524 821 3546 “’
978 3524 986 3546 “

251 3542 273 3582 n
296 3539 315 3582 0
339 3543 392 3583 και
418 3518 542 3600 amictas
567 3545 619 3585 nar
635 3546 715 3601 ορκιε
734 3547 786 3588 aar
807 3547 912 3604 αστερ.
934 3548 987 3588 και
1009 3531 1116 3606 νεφελ.
1139 3564 1179 3572 -
