2640 4138
583 377 650 419 XXV

121 545 348 612 Fritzschium.
395 545 443 610 At
472 545 506 609 in
536 545 680 610 sanando
712 545 782 609 loco
805 545 911 609 neutd
934 544 1099 608 assentior.

121 665 295 734 Fritrschii
320 667 405 732 enim
428 666 574 732 remediis
597 688 664 730 non
690 666 798 730 omnia
821 655 900 730 vitia
923 664 1102 741 tolluntur,

121 787 281 873 Madvigii
305 788 473 855 medicatio
505 787 601 852 nimis
626 787 797 852 artificiose
824 788 928 850 estet
953 783 1100 850 difficilis.

124 908 305 974 Lucianum
340 910 501 995 scripsisse
534 913 665 974 autumo
700 905 730 981 ὃς
763 906 831 974 δ’ίον
865 903 913 972 οὖν
943 907 1102 988 ἐμφρόνως

127 1029 279 1112 ἐξετάζων
309 1035 415 1096 ταῦτα
444 1029 680 1109 καταγέλαστα
710 1029 783 1096 ὄντα
808 1032 853 1109 μίρ
877 1029 977 1106 οἴηται
1003 1031 1102 1104 denti

124 1147 224 1236 εἶναι,
261 1153 349 1217 ἄλλα
384 1153 529 1231 Κοροίβου
564 1152 641 1225 τινὸς
679 1153 695 1226 ἢ
731 1153 896 1231 Μαργίτου
933 1151 1038 1231 νομίζρ
1067 1151 1101 1216 τὸ

124 1274 294 1338 τείίετίου.
320 1311 361 1322 -
393 1275 422 1338 4.
450 1274 626 1359 Proscripsi
658 1273 813 1338 vocabule
843 1269 935 1351 οὔτερ
966 1271 1102 1346 μοίλνονα
1130 1245 1132 1248 ¹

124 1393 246 1460 δέονταί
271 1395 342 1476 πρὸς
366 1396 435 1470 τοὺς
460 1395 635 1476 οίκροατοίο,
659 1397 833 1478 praeeunte
855 1392 908 1458 Fr.
933 1391 1096 1470 Paetzolt,

124 1514 261 1581 Observ.
296 1517 367 1581 crit.
402 1517 437 1580 in
469 1516 664 1596 Lucrinum,
697 1541 730 1601 p.
761 1514 792 1582 5.
819 1554 859 1564 -
885 1516 1039 1589 Ἀθηναῖοι
1060 1513 1102 1576 -δὲ

124 1637 179 1702 καί
207 1639 340 1716 Θηβαῖον
366 1638 418 1702 καί
444 1637 472 1701 εί
494 1663 572 1710 τινες
597 1635 688 1702 ἄλλον
713 1638 898 1716 σεμνοτέρας
923 1634 1101 1716 ἀποφαί-

125 1783 267 1825 νονται
298 1762 357 1831 τοὶς
387 1760 551 1838 πατρίδας.
598 1760 671 1826 Iure
703 1759 806 1824 visum
829 1761 879 1824 est
901 1756 1100 1839 Hermone,

124 1879 219 1946 Stud.
254 1879 333 1946 oric.
365 1905 395 1966 p.
422 1883 482 1959 43,
515 1903 582 1945 non
607 1881 747 1945 medium
772 1880 826 1944 sed
849 1879 1008 1955 activum,
1035 1897 1102 1942 non

125 2001 340 2066 indicativum
363 2003 417 2067 sod
439 2003 642 2088 perticipium
666 2002 794 2087 requiri.
830 1999 950 2066 Scribit
972 2021 989 2062 e
1013 1998 1101 2062 Mar·

126 2123 223 2188 cisne
259 2124 548 2214 οίτοφυίνοντεςς
589 2125 788 2207 persanasset
823 2122 946 2204 locum,
983 2120 1010 2182 si
1042 2141 1101 2205 pro
1205 2185 1211 2194 ,

126 2243 357 2324 ἀποφαίνοντες
390 2245 528 2309 dedisset
558 2245 852 2326 ἀποφανοῦντες.
888 2280 928 2291 -
959 2243 987 2304 5.
1021 2239 1103 2306 Ουτοι

126 2364 304 2430 Fritzschio
335 2365 492 2430 vocabula
524 2365 629 2431 πολλοί
654 2368 687 2430 et
708 2365 775 2432 οὐδέ
789 2365 946 2450 relegavi.
993 2362 1102 2429 Liceat

127 2485 210 2550 mihi
233 2490 262 2552 ἐν
287 2487 441 2570 παρέργου
464 2487 548 2568 μέρει
572 2489 674 2553 simile
697 2489 811 2553 vitium
836 2488 993 2572 corrigere
1017 2486 1103 2572 apud

127 2607 261 2673 Lucian.
286 2609 381 2674 Dion.
408 2613 427 2672 2
452 2605 518 2672 ὦτοι
540 2608 676 2688 μεγοίλυ
697 2607 777 2688 trem
798 2607 932 2690 ἔχοντα,
953 2608 1009 2682 ubi
1029 2609 1104 2693 post

126 2727 266 2807 μεγοίλοο
290 2729 385 2813 periit
407 2730 461 2792 καί
471 2777 478 2807 ,
500 2733 532 2793 et
552 2731 637 2815 apud
657 2729 901 2805 Philostratum,
913 2729 981 2795 Vit.
994 2728 1102 2815 Apoll.

128 2847 188 2913 ΠΙ.
222 2850 263 2913 38
296 2849 401 2914 δώσειν
433 2851 473 2930 τῷ
506 2850 593 2915 τουδί
624 2852 730 2915 πολλοὶ
754 2850 1023 2930 ἕτίλίοκοίγαίοί,
1048 2850 1104 2934 qui

128 2969 217 3038 haud
234 2949 328 3035 dubie
341 2971 511 3056 scripserat
530 2972 669 3037 πολλοὶ
689 2975 756 3038 καί
778 2973 911 3038 soors.
927 3011 969 3021 —
983 2971 1104 3058 (Scatet

128 3091 185 3156 ille
203 3091 340 3176 scriptor
355 3091 579 3177 Xenophontis
591 3093 699 3173 simia,
712 3094 798 3159 vitiis
810 3142 818 3173 ,
831 3116 912 3179 quae
923 3114 990 3158 non
1002 3091 1103 3176 scrip-

128 3213 194 3277 tori
217 3212 345 3279 inficeto
370 3215 553 3298 ceteroquin
569 3215 790 3302 insipidoque‚
811 3217 865 3281 sed
887 3214 1025 3280 librariis
1048 3213 1104 3278 de-

128 3334 257 3400 bentur.
311 3333 453 3410 Quorum
474 3336 633 3401 nonnulle
656 3337 711 3402 hic
732 3337 813 3403 libet
837 3336 1001 3421 corrigere.
1021 3334 1102 3423 'Vit

128 3454 239 3540 Apoll.
263 3456 288 3520 I.
314 3457 375 3521 27:
400 3459 521 3537 δραμὼν
545 3458 572 3521 δ’
597 3458 691 3531 αὐτὸς
715 3462 803 3537 παρὰ
827 3458 897 3531 τοὺς
922 3456 1051 3539 ἄνδρας,
1079 3459 1103 3521 οἱ

128 3577 166 3651 δὴ
192 3576 407 3659 νομίζονται
432 3579 589 3657 βασιλέως
615 3575 690 3644 ὦτα.
725 3579 826 3644 Immo
851 3577 1103 3660 ίνομοίζοντου.
