2640 4138
558 303 721 356 ‘r11.

145 484 213 548 fieri
250 483 372 566 possit,
408 482 639 548 absolvendum
675 505 707 546 se
742 484 948 548 accinxerint.
997 483 1117 548 Tamen

128 599 246 670 'multa
282 608 470 689 supersunt,
505 605 540 668 in
576 605 690 689 quibus
721 605 888 691 ingenium
919 627 1062 669 exercere
1086 611 1118 670 et
1175 629 1178 639 ¹

145 748 257 810 operae
288 725 427 810 pretium
457 725 560 789 facere
592 726 704 809 possis.
752 725 843 789 Subit
876 727 959 790 enim
989 727 1131 802 mirari,-

145 847 199 930 qui
239 847 309 910 fieri
344 846 501 930 potuerit,
537 849 574 910 ut
608 847 643 910 in
679 847 904 931 scriptoribus,
936 847 1118 910 docentium
1171 885 1172 890 κ
1249 918 1254 926 ἢ

146 991 242 1052 aeque
262 972 303 1032 ad
327 968 518 1032 discentium
538 968 685 1032 manibus
710 967 910 1052 tritissimis,
925 971 974 1030 tot
996 971 1029 1032 ct
1051 971 1119 1038 tam

144 1090 253 1174 gravia
276 1090 355 1154 vitia
378 1112 397 1154 a
422 1089 611 1157 doctissimis
635 1060 811 1153 editoribus
831 1089 896 1154 sint
913 1086 1118 1173 praetervisa.

145 1207 241 1274 Cuius
261 1210 387 1294 generis
406 1209 486 1274 libet
498 1214 560 1274 duo
573 1209 827 1285 luculentissima
840 1211 951 1274 afferre
963 1211 1117 1294 exempla,

144 1353 244 1394 unum
275 1353 291 1394 e
322 1329 554 1414 Xenophonte,
584 1352 622 1393 ex
647 1329 782 1394 Horatio
806 1330 944 1394 alterum
969 1330 1117 1412 desump-

145 1453 230 1529 tum,
264 1452 379 1535 quibus
410 1452 617 1536 scriptoribus
648 1452 701 1514 vix
728 1451 864 1535 cogitari
888 1453 1039 1534 possunt,
1064 1451 1119 1534 qui

144 1572 289 1656 pluribus
323 1573 389 1637 sint
413 1573 503 1650 lecti,
529 1573 697 1658 explicati,
727 1572 897 1636 emendati.
944 1571 1048 1634 Anah.
1074 1571 1116 1660 ῌ.

145 1695 174 1758 3.
199 1694 229 1758 5.
255 1697 367 1758 narrat
390 1693 590 1778 Xenophon,
617 1695 656 1758 ad
682 1693 869 1760 Clearchurn
889 1693 1013 1756 venisse
1033 1693 1117 1776 regis

142 1813 308 1880 Persarum
340 1815 464 1900 legatos
495 1817 533 1879 de
563 1815 711 1891 indutiis,
744 1815 847 1897 viros,
873 1818 909 1878 ut
933 1815 995 1898 ipsi
1020 1815 1058 1877 de
1083 1835 1116 1877 se

141 1936 343 2018 praedicant,
377 1936 524 2014 idoneos,
552 1935 607 2020 qui
631 1938 783 1998 mandata
806 1936 890 2019 regis
914 1937 954 1998 ad
980 1935 1116 2000 Graecos

143 2029 397 2140 Graecorumque
432 2057 585 2120 desideria
617 2059 657 2120 ad
692 2078 799 2141 regem
835 2053 1023 2141 perferrent.
1071 2057 1117 2120 At

143 2174 313 2245 Clearchus
347 2199 413 2242 nou
438 2180 529 2242 curat
550 2177 634 2263 regis
657 2179 825 2254 mandata,
849 2179 902 2241 sed
925 2178 1114 2260 respondet:

142 2295 392 2376 Ἀτοιγγέλλετε
424 2301 520 2364 τοίνυν
546 2301 648 2381 αὐτῷ,
670 2295 719 2364 ,ὅτι
744 2299 885 2378 μοὶχνς
912 2301 958 2364 δεῖ
981 2306 1113 2386 πρῶτον·

142 2417 262 2498 ἄριστον
280 2419 357 2499 ,γοὶρ
389 2421 442 2484 οὐκ
473 2420 555 2484 ἔστιν
580 2419 641 2485 οὐδ’
667 2422 681 2485 ὁ
705 2421 865 2495 τολμήσων
891 2420 957 2500 περὶ
983 2421 1114 2484 σπονδῶν

141 2541 245 2619 λέγειν
268 2549 330 2614 τοῖς
354 2539 488 2616 Ἕλλησι
514 2543 558 2618 μὴ
587 2543 714 2620 τορίσοις
739 2541 871 2621 ἄριστον.
899 2527 1016 2605 Mirum
1040 2564 1114 2626 pro·

138 2660 238 2745 fecto,
280 2662 414 2741 milites,
458 2663 513 2747 qui
549 2665 641 2727 erant
680 2663 877 2742 ἀπειρηκότες
920 2664 971 2726 cci
1013 2663 1112 2727 ἄσιτοι

141 2783 195 2868 (II.
218 2785 249 2847 2.
274 2784 340 2870 15),
366 2788 441 2848 ante
465 2785 573 2848 omnia
591 2785 759 2868 pugnandi
779 2784 932 2848 desiderio
952 2784 1112 2868 flagrasse.

141 2903 363 2970 Esurientibus
381 2927 474 2983 vcro,
496 2906 612 2990 quibus
632 2927 707 2989 prae
725 2906 809 2970 fame
822 2906 932 2969 dentes
944 2906 1111 2979 dentiunt,

140 3027 282 3110 profecto
306 3027 471 3105 τιμιωτέραν
495 3032 611 3108 χρυσοῦ
637 3051 672 3090 τε
698 3028 748 3092 cori
775 3029 945 3108 ἕλέφοιντος
970 3049 1036 3092 non
1065 3031 1113 3090 est

140 3148 233 3232 μοὶχν
270 3150 324 3214 sed
355 3149 462 3230 μοῖζιι,
496 3153 528 3213 et
560 3150 621 3214 hoc
652 3150 757 3234 ipsum
790 3150 979 3214 vocabulum
1004 3153 1111 3212 Xeno-

141 3270 256 3353 phonti
288 3272 337 3334 est
359 3271 565 3334 reddendum¹
590 3271 768 3355 Scripserat
790 3272 957 3336 nimirum:
983 3274 1111 3351 Ἀτορ-
1146 3264 1147 3268 “

140 3390 276 3467 μέλλετε
299 3394 396 3456 τοίνυν
419 3392 521 3476 atrei,
547 3378 591 3456 ὅτι
617 3390 703 3472 μοῖζ
709 3417 751 3466 νς
776 3394 822 3456 δεῖ
845 3399 971 3471 πρῶτον.
1002 3393 1112 3457 Libra-

139 3510 204 3576 rius
227 3512 366 3576 oseitans
388 3521 537 3577 MAZHC
556 3513 590 3575 in
610 3521 760 3578 MAXHC
779 3514 934 3591 mutavit,
955 3514 1010 3598 qui
1028 3533 1113 3578 error
