2594 4128
329 337 539 394 ΛΛΗΘοτΣ
557 306 768 396 ,ιετοειλῑ
793 341 824 402 13.
1016 327 1060 418 89
1093 420 1096 423 ι

105 516 155 581 καί
177 517 215 580 ’ἐκ
235 525 293 582 τῶν
313 516 436 582 όδθντων
456 515 632 598 ἐξάψαντες
654 517 752 598 ήρέμα
768 519 950 598 καθήκαμεν
962 519 991 592 ἐς
1006 493 1075 593 τήνι

104 636 266 704 θάλατταν
280 661 286 674 ·
303 639 524 716 ἐπαναβάντες
537 637 562 702 δ’
576 639 626 703 ἐπὶ
640 640 687 702 τά·
697 646 776 705 νῶτα
791 640 841 704 καί
856 640 1004 713 θύσαντες
1018 643 1060 722 τῷ

99 760 261 846 ,Ποσειδῶνι
286 762 381 824 αὐτοῦ
402 760 489 838 παρά
508 760 541 824 τὸ
556 757 713 838 τρόπαιον,
728 760 846 840 ήμέρας
860 786 895 825 τε
908 769 987 842 τρεῖς
1003 762 1060 825 ἐπ-

105 882 304 957 αυλισάμενοι
321 917 365 930 -
378 880 505 956 νηνεμία
525 881 587 960 γάρ
601 876 633 954 ήν
649 855 690 928 ss.
704 890 743 963 τή
756 882 889 964 τετάρτη
901 881 1061 947 άπεπλεύ·

105 1022 214 1075 σαμεν.
240 999 310 1065 ἔνθα
329 1002 365 1076 δή
389 1009 515 1073 πολλοῖς
528 1005 593 1076 ,τῶν
615 1002 648 1065 ἐκ
669 1010 723 1076 τοῖς
739 1004 935 1084 νησομαχίας
950 1011 1059 1084 νεκροῖς

104 1121 288 1201 άπηντῶμεν
305 1125 357 1188 καὶ
372 1122 633 1201 προσωκέλλομεν,
650 1099 702 1189 καί
716 1124 758 1188 σόι
771 1125 906 1202 σώματα
920 1149 1061 1203 καταμε-

104 1248 240 1321 τροῦντες
266 1243 489 1326 ἐθαυμάζομεν.
516 1246 567 1308 καὶ
595 1244 709 1321 ήμέρας
734 1245 792 1320 μίν
810 1269 895 1315 τινας
909 1225 1060 1324 ἐπλέομεν

104 1364 237 1446 εὐκράτῳ
260 1364 329 1444 άέρι
360 1369 526 1446 χρώμενοι,
549 1363 660 1430 Ιἔπειτα
683 1350 796 1443 βορέου
813 1365 943 1447 σφοδροῦ
969 1367 1061 1431 πνεύ-

104 1507 209 1556 σαντες
233 1487 323 1564 μέγα
343 1487 427 1572 κρύος
449 1487 570 1563 ἐγένετο
591 1477 644 1551 καί
658 1474 709 1551 ἐπ’
722 1490 817 1553 αὐτοῦ
831 1493 895 1552 ποῖν
908 1488 1015 1566 ἐπάγη
1028 1492 1063 1554 τό

104 1605 242 1688 πέλαγος
266 1611 319 1673 ούκ
341 1610 489 1683 ἐπιπολῆς
513 1609 613 1685 μόνον,
639 1609 727 1674 άλλά
752 1610 804 1674 καί
826 1611 855 1681 ἐς
876 1610 973 1688 βάθος
994 1605 1060 1675 όσυν

104 1727 150 1792 ἐπὶ
162 1732 362 1810 τετρακοσίας
378 1731 514 1810 ὀργυιάς,
528 1727 606 1794 ιθστε
619 1731 670 1794 καί
685 1732 872 1808 άποβάντας
887 1732 999 1797 διαθεῖν
1009 1733 1058 1797 ἐπὶ

104 1853 152 1912 τοῖο
178 1852 383 1932 κρυστάλλου.
408 1852 598 1928 ἐπιμένοντος
620 1854 650 1916 δὲ
674 1858 729 1916 τοῦ,
752 1853 929 1928 πνεύματος
956 1854 1058 1935 Φέρειν

105 1971 306 2051 ιύδυνάμενοι
330 1972 443 2037 τοιόνδε
466 1997 495 2036 τι
522 1974 730 2048 ἐπενοήσαμεν
756 2011 796 2022 -
823 1975 835 2038 ό
858 1974 889 2037 δέ
910 1976 966 2048 τήν
982 1974 1059 2052 γνό-

108 2115 159 2164 μην
183 2093 427 2172 άπσΦηνάμενος
449 2092 482 2168 ήν
508 2096 669 2172 Σκίνθαρος
684 2092 920 2174 -σκάψαντες
943 2096 1005 2175 γάρ
1030 2098 1060 2160 ε’ν

106 2215 141 2291 τῷ
160 2213 249 2281 ύδατι
272 2218 424 2291 σπήλαιον
449 2215 598 2295 μέγιστον
611 2217 749 2294 ἐντούτῳ
763 2217 928 2293 ἐμείναμεν
943 2217 1057 2296 ήμέρας

84 2335 281 2417 τριάκοντα,
308 2342 367 2416 πῖιρ
392 2336 582 2410 άνακάοντες
608 2339 661 2401 καί
679 2338 848 2416 σιτούμενοι
869 2338 938 2412 τοὺς
953 2341 1058 2420 ἰχθῦς·
1084 2398 1085 2407 ,

18 2485 19 2488 “
105 2456 274 2539 εὑρίσκομεν
298 2459 325 2525 δ’
353 2461 465 2531 αύτούς
491 2461 715 2539 άνορύττοντες.
742 2461 844 2536 ἐπειδή
871 2462 896 2525 δ’
918 2461 1058 2538 ήδηέπέ-

103 2589 172 2660 λιπε
195 2584 237 2646 τά
257 2582 434 2658 ἐπιτήδεια,
449 2583 645 2659 προελθόντες
654 2583 709 2674 ,καί
725 2584 779 2655 τήν
792 2588 865 2648 ναῦν
878 2593 1058 2663 πεπηγυῖαν

104 2699 342 2774 άυασπάσαντες
361 2705 429 2768 καί
460 2703 657 2776 πετάσαντες
689 2707 743 2778 τήν
768 2704 867 2779 ὀθόνην
891 2706 1059 2784 ἐσυρόμεθα

104 2817 199 2902 όνπερ
222 2827 366 2896 πλέοντες
386 2825 474 2895 λείως
496 2825 546 2889 καί
573 2831 722 2902 προσηνῶς
749 2827 799 2890 ἐπὶ
817 2831 870 2888 τοῦ
884 2828 989 2902 πόνου
1002 2827 1058 2891 δου-

104 2946 314 3018 λισθαίνοντες.
338 2946 436 3027 ήμέρρι
459 2946 490 3010 δὲ
510 2945 641 3028 πέμπτη
653 2947 734 3010 άλέα
747 2950 775 3008 τ’
790 2946 843 3021 ήδη
858 2941 891 3020 ήν
904 2949 956 3010 καί
969 2949 982 3010 ό
995 2947 1057 3012 πά·
1156 3021 1157 3026 ¹

104 3085 155 3138 νος
168 3068 272 3133 ἐλύετο
285 3067 337 3133 καί
355 3064 429 3146 ὕδωρ
442 3065 535 3131 πάντ’
548 3064 630 3138 αὖθις
645 3067 808 3145 ἐγίγνετο]
820 3067 851 3132 3.
865 3066 1058 3138 πλεύσαντες

56 3205 59 3214 ·
87 3180 148 3248 ’σύν
178 3185 244 3254 όσον
274 3190 459 3268 τριακοσίους
495 3188 638 3262 σταδίους
663 3189 740 3269 νήσῳ
764 3197 858 3272 μικρρῖ
885 3185 937 3253 καί
963 3189 1058 3269 ἐρήμη
1154 3173 1156 3176 ¹

104 3310 362 3391 προσηνέχθημεν,
387 3312 447 3388 ἐφ’
468 3307 500 3385 ἧς
526 3307 600 3388 ὕδωρ
624 3311 778 3389 λαβόντες
802 3309 1058 3374 -ἐπελελοίπει

105 3428 163 3508 λόερ
187 3432 240 3507 ήδη
262 3469 303 3480 -
323 3430 376 3497 καί
402 3431 453 3497 δύο
476 3431 604 3511 ταύρους
626 3433 750 3512 άρρίους
771 3429 1058 3508 κατατοξεύσαντες

105 3546 358 3629 ἐσεπλεύσαμεν,
381 3551 406 3617 οἱ
425 3552 457 3617 δὲ
475 3557 579 3630 ταῦροι
593 3550 672 3618 οὖτοι
685 3553 728 3620 τά
741 3554 857 3633 κέρατα
869 3553 924 3617 οὐκ
937 3548 988 3616 ἐπὶ
1002 3559 1057 3626 τής
