2562 4132
488 322 653 382 τιΜωΝ.
1008 311 1049 380 31

85 503 263 584 τιμιώτερον
281 507 341 570 τῶν
359 506 389 570 ἐν
408 513 471 577 τοῖς
490 506 648 585 αἰγιαλοῖς
662 503 806 585 ψηφίδων
818 527 869 582 μοι
882 504 982 570 δοκεῖ.Ι
997 506 1050 579 τήν

86 625 112 690 δ’
132 627 230 691 αὐτοῦ
247 625 342 708 ’χάριν
362 625 498 702 ε’στάλην
508 677 517 710 ,
529 629 568 699 ἀς
581 628 626 704 μή
639 625 799 708 διαφθείρη
811 649 846 690 σε
858 624 893 689 τὸ
906 624 1051 691 κάκιστον
1141 627 1144 634 ’
1190 704 1193 716 Ι

85 751 176 811 τοῦτο
200 747 252 812 καί
277 747 522 825 ἐπιβουλότατον
540 757 649 825 κτῆμα
671 748 684 812 ί
706 753 857 824 πλοῦτος,
888 747 901 810 ὃ
923 753 1049 820 πολλοῖς
1127 719 1129 725 ¹

86 869 242 940 πολλάκις
267 868 440 944 ἀνηκέστων
464 876 629 950 συμφορῶν
652 868 749 942 αίτιος
777 868 1000 948 γεγενημένος·
1023 869 1049 933 εί
1095 881 1102 890 ’

87 989 150 1070 γάρ
170 1015 222 1068 μοι
236 990 364 1068 πείθοιο,
378 989 523 1068 μάλιστα
537 989 618 1077 (μὲν)
632 986 700 1055 ῦλον
714 991 742 1062 ές
755 991 810 1066 τήν
822 991 986 1054 ίάλατταν
999 990 1051 1067 ἕμ-
1160 989 1163 994 ’

88 1111 201 1188 βαλεῖς
222 1111 315 1176 αὐτὸν
333 1112 416 1176 οῦδὲν
436 1113 608 1190 ἀναγκαῖον
630 1111 713 1192 ἀνδρί
734 1113 843 1192 ἀραίῷ
861 1109 922 1176 ίντι
935 1111 987 1176 καί
1001 1113 1052 1178 τὸν

89 1237 280 1312 Φιλοσοφίας
302 1239 434 1297 πλοῦτον
455 1234 525 1312 ἀροῦν
538 1233 693 1314 δυναμένῳ
705 1255 712 1270 ·
724 1233 769 1309 μή
782 1231 886 1310 μέντοι
899 1233 930 1304 ἐς
942 1231 1051 1315 βάίος,

91 1351 214 1432 ὦγαθέ,
236 1355 312 1418 ἀλλ’
334 1349 400 1418 ῦσον
421 1353 451 1425 ἐς
473 1352 797 1432 βουβῶναςέπεμβάς
810 1353 913 1429 ἀλίγον
928 1352 983 1433 πρὸ
997 1359 1050 1427 τῆς

91 1483 280 1552 κυματωγῆς
290 1522 304 1552 ,,
330 1475 404 1551 ἐμοῦ
428 1475 549 1553 ὁρῶντος
572 1471 680 1550 μίνου·
708 1472 761 1539 57.
786 1476 812 1538 εί
836 1475 869 1538 δὲ
892 1475 936 1551 μη
961 1478 1050 1540 τοῦτο

90 1597 218 1679 βούλει,
240 1595 278 1659 τῦ
299 1595 323 1659 δ’
346 1596 442 1660 ἀλλον
461 1596 567 1674 τρόπον
581 1597 696 1672 ἀμείνω
710 1595 796 1659 κατὰ
809 1593 909 1676 τάχος
924 1594 1052 1676 ἐκφόρη-

92 1742 139 1782 σον
159 1716 255 1780 αῦτδν
274 1719 308 1781 ἐκ
322 1725 375 1787 τής
390 1717 486 1788 οἰκίας
500 1715 571 1793 μηδ’
585 1715 693 1793 ὀβολὸν
706 1717 791 1795 αὐτῷ
805 1718 946 1794 ἀποθείς,
959 1717 1053 1782 διαδι-

92 1839 156 1910 δοὺς
177 1835 280 1902 ἀπασι
301 1845 365 1908 τοῖς
387 1837 555 1920 δεομένοις,
578 1831 599 1918 ᾧ
621 1837 679 1914 μὲν
699 1836 790 1902 πέντε
804 1837 972 1922 δραχμάς,
986 1833 1007 1919 ᾧ
1020 1839 1052 1904 δέ

93 1964 171 2036 μνῦν
179 2007 188 2036 ,
212 1953 233 2039 ᾦ
254 1957 282 2022 δ’
304 1957 532 2035 ήμιτάλοιντον·
546 1959 572 2022 εί
586 1956 617 2022 δέ
629 1981 676 2028 τις
689 1958 862 2039 Φιλόσοφος
875 1957 938 2036 είη,
956 1959 1052 2036 διμοι-

98 2083 155 2160 ρίαν
179 2080 196 2156 ἢ
222 2079 390 2160 τριμοιρίαν
414 2077 562 2158 φέρεσθαι
587 2077 718 2149 δίκαιος·
744 2077 809 2154 ε’μοί
834 2078 866 2144 δέ
887 2116 930 2127 -
952 2079 1051 2144 καίτοι

97 2204 143 2267 οὐκ
152 2247 154 2254 ,
163 2199 301 2279 ἐμαυτοῦ
320 2199 413 2280 χάριν
427 2201 519 2277 αίτῦ,
535 2201 608 2264 ἀλλ’
622 2195 702 2269 ὅπως
715 2199 840 2277 μεταδῶ
853 2206 912 2263 τῶν
925 2200 1050 2278 ἑταίρων

94 2329 152 2396 τοῖς
178 2319 327 2398 δεομένοις
343 2359 383 2370 -
398 2297 499 2386 ἱκανὸν
523 2321 547 2385 εί
572 2319 700 2396 ταυτηνί
726 2322 780 2395 την
805 2321 905 2400 πήραν
925 2321 1050 2398 ἐμπλή-

95 2463 147 2515 σας
173 2441 350 2523 παράσχοις
375 2440 435 2507 οὐδ’
457 2437 543 2515 ῦλους
565 2441 614 2508 δύο
635 2442 798 2520 μεδίμνους
819 2446 979 2523 χωροῦσαν
999 2443 1053 2508 Αί-

94 2563 273 2638 νινητικοιίς.
298 2565 449 2642 ίλιναρκῦ
470 2563 500 2628 δὲ
523 2563 574 2627 καί
595 2562 716 2642 μέτριον
735 2565 796 2644 χρή
810 2558 887 2628 εἶναι
900 2563 1054 2646 τδνΦιλο-

93 2689 246 2764 σοφοῦντα
259 2684 310 2748 καί
325 2684 418 2762 μηδὲν
433 2684 505 2764 ὑπὲρ
519 2685 573 2758 την
586 2684 684 2764 πήραν
695 2688 828 2764 Φρονείν.

134 2813 227 2886 ΤΙΜ.
262 2805 396 2870 Ἐπαινῶ
417 2805 524 2870 τοῦτοί
546 2830 620 2882 σου,
642 2803 663 2869 ὦ
684 2805 966 2887 Θρασύκλεις·πρδ
980 2808 1053 2883 γοῦν

93 2933 145 3002 τῆς
165 2931 263 3008 πήρας
279 2975 287 3004 ,
302 2927 326 2990 εί
344 2927 428 2992 δοκεῖ
434 2975 442 3006 ,
455 2928 532 3008 Φέρε
545 2951 590 2992 σοι
603 2930 658 3003 τήν
672 2923 815 3010 ιἰεφαλδρν
828 2929 978 3006 ἐμπλήσω
991 2951 1053 2992 κον,

93 3048 184 3113 δυ’λων
199 3049 408 3128 ἐπιμετρήσας
423 3059 462 3132 σή
476 3049 608 3131 δικίλλη.

92 3217 97 3228 ι
137 3179 259 3236 ΘΡΑΣ.
282 3165 335 3235 Ὠ
358 3170 551 3249 δημοκρατία
573 3170 626 3235 καί
649 3170 746 3249 νέμοι,
760 3168 917 3248 παιίμεία
931 3169 988 3235 ῦπδ
1000 3176 1053 3235 τοῦ

1 3265 2 3268 ¹
94 3291 271 3372 καταράτου
286 3292 314 3356 έν
327 3291 470 3375 έλευίέρρι
484 3302 522 3373 τή
536 3291 635 3358 πίλει.

135 3423 229 3480 ΤΙΜ.
254 3411 299 3478 Τί
320 3415 514 3493 ἀγανακτεῖς
523 3464 532 3494 ,
555 3412 658 3493 ὦγαθέ
665 3435 674 3494 ;
698 3420 763 3493 μῦν
781 3412 1055 3496 παρακέκρουσμαί

57 3583 60 3588 .
95 3556 143 3617 σε;
168 3535 220 3602 καί
245 3537 306 3613 μήν
332 3536 507 3616 ἐπεμβαλῶ
532 3540 673 3628 χοίνικας
700 3535 773 3616 ὑπὲρ
797 3534 832 3601 τὸ
857 3535 965 3616 μέτρον
985 3535 1056 3601 τέτ-
