2562 4132
509 303 692 380 τιιιιιιι.Ι
1026 300 1043 362 7

89 485 211 563 τιμωρία
235 482 325 550 ἔσται
351 488 472 568 αὐτοῖς,
497 486 523 550 εί
551 486 820 566 ὑπερπλουτοῦντα
840 486 892 552 τὸν
912 487 1043 568 Τίμωνα

88 604 192 685 δρῶσιν.
204 617 210 624 ’

128 727 177 792 11.
204 736 303 792 ΕΡΜ.
338 722 411 792 Οίον
433 723 467 802 ἦν
489 727 524 791 τδ
548 726 637 805 μέγα
660 727 845 808 κεκραγέναι
869 729 922 792 καί
946 732 1045 810 θχλνρ-

86 846 127 928 ρθν
168 842 245 912 εἶναι
289 847 342 912 καί
386 848 506 928 θρασιίν.
550 849 582 913 οῦ
625 855 687 920 τοῖς
731 849 1044 930 δικαιολογουμένοις,
1152 885 1158 900 ι

85 969 166 1034 ἀλλά
191 969 244 1034 καί
270 977 333 1040 τοῖς
357 969 532 1052 εὐχομένοις
556 973 645 1036 τοῦτο
669 971 836 1051 χρήσιμον·
857 970 919 1035 ίδοιί
938 971 977 1050 μέ
998 995 1043 1040 τοι

86 1089 195 1152 αὐτίκα
218 1088 313 1184 μάλα
339 1090 483 1162 πλούσιος
504 1090 538 1154 ἐκ
558 1090 748 1156 πενεστάτου
770 1093 1008 1167 καταστήσεται
1028 1093 1042 1155 ί

84 1209 186 1285 Τίμων
203 1211 327 1290 βρίσας
348 1211 400 1275 καί
422 1211 710 1291 παρρησιασάμενος
724 1213 754 1276 έν
768 1221 806 1294 τῇ
820 1215 900 1294 εὐχῇ
914 1213 967 1277 καί
982 1213 1046 1278 έπι-

85 1331 217 1412 στρέψας
241 1331 294 1396 τὸν
320 1333 401 1397 Δία·
427 1334 452 1397 εί
479 1332 510 1397 δὲ
530 1341 629 1414 σιωπῇ
645 1329 807 1398 -ἔσκαπτεν
829 1333 1046 1416 θπινιεκυφιίς,Ι

85 1448 124 1516 έτι
148 1452 187 1516 ἀν
212 1451 370 1518 ἔσκαπτεν
394 1452 616 1530 ἀμελούμενος.
767 1543 771 1552 Ι

124 1584 290 1641 ΠΛΟΤΤ.
327 1577 419 1641 Ἀλλ’
455 1576 516 1655 έγθι
554 1579 608 1642 οὐκ
639 1574 677 1642 ἀν
705 1576 891 1656 ἀπέλθοιμι,
917 1573 938 1640 ὦ
963 1581 1043 1661 Ζεῦ,

85 1700 151 1775 παρ’
175 1695 283 1763 αθτθν.

124 1826 245 1884 ΖΕΥΣ.
273 1817 337 1884 Διά
361 1818 409 1894 τί,
435 1815 456 1882 ὦ
481 1816 587 1898 άριστε
605 1824 745 1896 Πλοῦτε,
767 1819 819 1884 καί
840 1823 945 1882 ταῦτα
966 1819 1040 1894 ε’μοῦ

86 1939 304 2015 κελεῦσαντοςς

124 2059 175 2124 12.
205 2068 374 2126 ΠΛΟΤΤ.
397 2059 473 2124 Ὀτι
494 2062 527 2133 νίς
549 2061 613 2125 Δία
632 2039 751 2141 ίίβριζεν
769 2062 811 2134 είς
830 2060 886 2137 ἐμὲ
905 2060 957 2124 καί
978 2059 1042 2137 έξε·

83 2179 162 2260 Φέρει
184 2183 238 2247 καί
259 2183 289 2253 ές
303 2181 409 2246 πολλά
422 2179 604 2262 κατεμέριζε
617 2180 669 2247 καί
684 2185 788 2246 ταῦτα
803 2182 941 2262 πατρῷον
955 2183 1039 2264 αὐτῷ

83 2300 168 2379 Φίλον
204 2303 300 2388 ὄντα,
333 2303 384 2368 καί
416 2303 577 2383 μονονουχὶ
607 2302 751 2384 δικράνοις
781 2303 896 2378 ἐξεώθει
920 2329 961 2380 με
985 2311 1040 2378 τῆς

82 2422 170 2496 οἰκίας
184 2461 197 2502 ,·
219 2425 360 2505 καθάπερ
384 2425 409 2490 οί
434 2424 469 2489 τὸ
493 2431 553 2505 πῦρ
577 2425 688 2490 ἐκτῶν
708 2431 817 2506 χειρῶν
835 2427 1038 2504 άπορριπτιῦν.

81 2539 159 2616 αὖθις
183 2545 233 2613 οὖν
256 2547 380 2612 ἀπέλθω
405 2547 588 2627 παρασίτοις
614 2548 676 2611 καὶΙ
691 2545 800 2622 κθλαξι
826 2547 877 2610 καί
903 2547 1038 2628 ἑταίραις

80 2666 379 2748 ταραδσθνσθμενος,
416 2668 466 2732 ἐπ’
502 2669 648 2742 ἐκείνους,
687 2664 707 2732 ὦ
745 2671 821 2744 Ζεῦ,
860 2667 967 2745 πέμπε
997 2693 1038 2746 με

79 2785 146 2860 τοὺς
176 2788 396 2868 ἦσθκσομένονς
427 2798 466 2870 τῇ
499 2788 611 2872 δωρεᾷ,
642 2788 713 2860 τοὺς
744 2789 963 2874 περιέψοντας,
994 2784 1036 2862 οίς

79 2908 174 2984 τίμιος
210 2911 273 2990 ἐγὼ
308 2911 361 2976 καί
399 2909 611 2989 περιπθθκτος·
648 2905 728 2975 οὗτοι
760 2909 792 2974 δὲ
823 2911 849 2974 οἱ
880 2910 966 2989 λάροι
998 2919 1035 2993 τῇ
1144 2931 1146 2937 ·

80 3032 166 3114 πενίρι
189 3030 403 3108 ξυνέσπωσαν,
429 3029 465 3105 ἣν
484 3037 667 3110 προτιμῶσιν
691 3033 791 3108 ἡμῶν,
816 3031 868 3094 καὶ
892 3028 1038 3112 διφθέραν

81 3153 150 3227 παρ’
175 3153 271 3228 αῦτῦς
292 3152 447 3232 λαβόντες
469 3153 521 3216 καί
541 3151 687 3216 δίκελλαν
704 3152 926 3230 ἀγαπάτωσαν
939 3149 1033 3215 ἀθλιοι

80 3268 231 3354 τέτταρας
255 3274 383 3352 ὀβολοὺς
406 3273 634 3358 ἀποφέροντες,
658 3275 684 3338 οί
705 3272 959 3344 δεκαταλάντους
980 3263 1058 3338 δω·Ι

81 3392 148 3468 ρεάς
171 3395 307 3470 ἀμελητὶ
333 3394 500 3474 προέμενοι.

126 3512 177 3581 13.
202 3523 324 3584 ΖΕΥΣ.
350 3516 448 3582 Οὐδέν
472 3512 517 3582 ίτι
542 3520 672 3581 τοιοῦτον
697 3517 711 3581 θ
734 3514 843 3594 Τίμων
867 3514 1038 3596 ἐργάσεταί
