2640 4138
604 373 639 415 IX

136 565 195 606 nus
218 549 251 606 et
275 548 458 626 accuratus,
483 565 542 607 nec
562 559 703 626 unquam
724 541 922 619 »altilibus”‚
944 544 1029 626 quod
1049 543 1110 608 hoc

136 663 205 728 loco
218 667 266 728 est
278 668 463 729 concretum
475 664 665 730 vocabulum
677 713 684 741 ,
698 665 898 748 opposuisset
910 664 1108 742 »mensam'’,

136 787 218 870 quod
250 787 466 870 metaphorice
495 807 552 871 pro
583 785 661 850 cibis
691 790 738 850 est
762 779 961 869 usurpatum
1007 785 1108 849 Immo

137 908 295 992 altilibus,
328 928 391 992 quo
423 907 580 972 vocabulo
612 909 733 984 lautas,
767 907 916 991 opiparas
940 911 972 970 et
995 910 1109 971 unctas
1170 895 1172 902 ¹

137 1027 270 1092 divitum
302 1028 413 1112 epulas
436 1029 601 1112 designat,
626 1031 803 1093 necessario
829 1028 1005 1112 opponitur
1028 1028 1108 1091 alte-

136 1173 205 1214 rum
246 1151 456 1227 vocabulum,
490 1173 553 1236 quo
589 1151 724 1236 simplex
759 1154 792 1215 et
825 1151 898 1215 vilis
931 1172 1106 1235 pauperum

135 1293 245 1336 mensa
270 1293 337 1336 non
360 1273 564 1356 nominatur,
590 1275 644 1336 sed
667 1272 827 1336 indicatur
852 1275 884 1336 et
909 1272 1106 1336 describitur.

135 1391 215 1456 Mihi
239 1394 368 1477 quidem
393 1395 603 1458 certissimum
627 1397 675 1458 est
697 1393 870 1457 Horatium
896 1393 1073 1477 scripsisse:

221 1514 295 1579 ¹Neo
317 1517 489 1580 scombrum
512 1515 614 1599 plebis
638 1519 726 1579 satur
749 1514 887 1578 altilium
910 1515 1014 1578 laudo,

137 1630 232 1698 Cuius
257 1635 394 1700 scombri
418 1640 454 1699 ut
477 1635 623 1700 vilissimi
646 1636 740 1720 piscis
765 1637 875 1700 erebra
896 1639 980 1720 apud
997 1638 1107 1720 politas

136 1753 174 1816 fit
204 1755 337 1820 mentio.
385 1755 550 1830 Quomodo
582 1757 696 1820 vitium
727 1761 840 1820 natum
864 1756 923 1833 sit,
947 1759 1023 1820 inde
1047 1757 1108 1820 sci-

137 1873 209 1938 licet
244 1879 329 1959 quod
364 1878 476 1941 rariori
511 1877 666 1941 vocabulo
702 1877 851 1942 librarius
895 1878 1034 1943 oscitans
1078 1881 1110 1942 et

138 1996 354 2061 somnolentus
379 1997 513 2061 alterurn
540 1998 722 2075 substituit,
748 2002 833 2083 quod
857 1999 969 2063 melius
995 2003 1106 2076 norat,

69 2199 71 2204 Ι
137 2117 171 2180 in
195 2118 302 2200 aprico
327 2121 384 2181 est.

183 2239 294 2324 Itaque
317 2261 383 2302 non
406 2241 637 2324 desperandum
661 2245 709 2305 est
727 2241 783 2319 iis,
802 2242 857 2325 qui
880 2212 1022 2306 criticam
1041 2241 1109 2306 fac-

138 2362 255 2438 titant,
285 2383 388 2445 neque
419 2363 617 2439 timendum,
641 2367 678 2426 ut
702 2385 814 2448 operae
837 2364 1000 2448 impensae
1023 2361 1108 2427 fruc-

137 2487 186 2546 tus
218 2503 285 2545 non
314 2482 379 2545 sint
402 2484 592 2567 percepturi.
639 2483 752 2568 Neque
777 2506 835 2568 ego
861 2485 1042 2560 ἀσύμβολος
1069 2487 1109 2548 ed

140 2603 234 2666 crisin
266 2601 457 2668 Lucianeam
488 2604 611 2668 accessi.
660 2603 700 2667 Id
730 2605 815 2667 enim
838 2604 918 2668 mihi
943 2609 1011 2668 erat
1033 2626 1109 2689 pro-

139 2723 294 2806 positum,
327 2728 363 2786 ut
395 2725 559 2808 discipulis
591 2726 710 2789 nostris
734 2729 857 2789 textum
882 2729 988 2790 darem
1013 2747 1108 2810 quam

140 2844 430 2909 emendatissimum
449 2850 481 2909 et
501 2851 657 2930 quantum
682 2869 807 2930 possem
831 2852 1003 2932 purgatum
1029 2871 1047 2911 a
1070 2847 1110 2910 li-

140 2964 316 3029 brariorum
344 2967 492 3049 peccatis.
540 2968 581 3031 In
614 2990 677 3052 qua
708 2989 742 3032 re
765 2990 960 3052 magnopere
984 2970 1111 3032 adiutus

140 3107 208 3148 sum
241 3086 416 3150 multorum
449 3088 578 3152 auxilio.
628 3089 773 3153 Naberus
797 3090 882 3152 enim
906 3093 939 3153 et
960 3088 1109 3153 Herwer-

139 3206 252 3283 denua,
277 3222 357 3291 q'uos
380 3209 482 3272 habeo
501 3210 537 3273 in
558 3210 770 3287 amicissimis,
794 3232 858 3274 non
878 3211 981 3274 solnm
1001 3211 1109 3274 statim

139 3329 243 3412 rogati
283 3329 363 3392 mihi
394 3333 638 3409 commiserunt,
671 3354 751 3416 quae
782 3332 821 3395 ad
854 3331 998 3414 dialogos
1031 3331 1110 3394 mihi

140 3448 277 3513 edendos
306 3450 474 3514 observata
506 3452 685 3529 habebant,
718 3453 770 3517 sed
796 3453 890 3517 etiam
914 3453 949 3516 in
975 3453 1112 3537 singulis

139 3568 277 3654 plagulis
308 3571 504 3654 corrigendis
536 3579 568 3638 et
599 3573 765 3651 tollendis,
791 3596 869 3658 quas
893 3595 991 3638 novas
1015 3577 1111 3658 typo-
