2640 4138
525 393 610 436 LXIII

93 561 165 626 lecto
197 583 260 626 suo·
281 562 451 646 nimirum,
484 564 521 625 ut
554 559 736 637 Menelaus,
770 558 825 643 qui
848 559 915 639 περὶ
939 560 974 624 τὸ
999 583 1053 637 με·

97 682 232 748 σονύκτνον
263 683 420 764 ἀνέγρετο.
468 681 599 747 Nubero
628 703 686 765 pro
715 683 745 744 ἐν
769 683 810 762 τῷ
835 683 994 762 συμποσίῳ
1017 682 1052 746 in

97 806 221 868 montem
252 805 342 869 venit
374 805 528 888 seriptum
560 803 656 867 tuisse
686 804 715 866 ἐν
746 805 787 884 τῷ
811 827 876 867 σαν
884 829 909 880 ρο
920 802 1051 883 ποδίορ.

99 920 204 988 Dubito
227 926 322 990 etiam
346 928 384 989 de
406 925 554 990 vocabuli
575 925 719 1004 παρήμνν
738 925 955 1009 genuinitate3
975 945 1053 1010 pue-

104 1043 155 1108 rilis
176 1050 205 1110 et
228 1046 369 1131 eleganti
396 1045 549 1130 scriptore
571 1066 701 1129 prorsus
724 1045 858 1130 indigna
882 1050 929 1110 est
953 1047 1054 1130 oppo-

101 1164 159 1230 sitio
180 1167 259 1232 inter
284 1169 430 1248 παρήμνν
456 1169 488 1230 ot
512 1167 714 1244 κονροώροενοςς
739 1167 882 1251 suspicor
902 1167 1057 1251 seriptum

98 1284 181 1352 iisse
208 1297 347 1367 παρῆν.
373 1326 415 1336 -
443 1289 496 1354 36.
532 1286 640 1366 ἔλεγον
666 1290 690 1352 οἱ
715 1288 819 1370 σκοποὶ
846 1288 976 1366 καθορῖον
1000 1289 1055 1361 τὴν

97 1412 161 1472 ναῦν
182 1411 285 1475 πολὺ
311 1409 495 1491 απὲχονσαν
521 1448 561 1459 -
587 1410 685 1474 immo
711 1407 749 1474 οὐ
767 1404 865 1488 πολύ,
890 1412 928 1473 ut
951 1407 1055 1474 estin

98 1527 250 1597 Marciano
275 1535 307 1596 et
331 1533 369 1595 iit
392 1534 600 1596 correxerunt
620 1531 805 1596 Diudorfius
828 1534 861 1596 ot
880 1531 1055 1596 Bekkeius

95 1648 213 1733 OEodem
246 1652 364 1718 ohorda
395 1653 475 1716 mihi
506 1653 632 1717 videtur
660 1654 843 1718 oberratum
874 1676 941 1719 esse
971 1656 1057 1738 apud

95 1769 199 1839 Herod.
233 1773 272 1840 V.
310 1773 370 1840 57:
405 1773 559 1848 Ἀθηναῖοι
595 1775 626 1840 δέ
658 1783 761 1848 σφεας
786 1775 835 1840 ἐπὶ
861 1779 972 1856 ῥητοῖσι
997 1773 1057 1838 ἐδέ-

95 1889 177 1966 ξαντο
210 1895 312 1976 σφέων
348 1896 448 1959 αὐτῶν
480 1889 556 1959 εἶναι
588 1896 758 1973 πολιήτας,
791 1901 950 1960 πολλῶν
981 1919 1056 1962 τεαν

94 2015 139 2078 καὶ
169 2019 219 2081 οὐκ
256 2015 487 2094 ἀξιαπηγήτων
518 2016 723 2092 ἔπντοὲἒαντες
754 2017 914 2095 ἔργεσθαι,
946 2016 1001 2079 ubi
1026 2018 1058 2078 ot

95 2140 241 2204 sententia
266 2143 297 2204 et
322 2139 520 2203 oonstruotio
544 2137 741 2202 conclamare
763 2138 927 2215 videntur,
948 2139 1057 2222 legeu-

95 2257 257 2326 domasse
287 2262 326 2324 οὐ
362 2261 545 2345 πολλῶν).
571 2299 611 2308 -
638 2261 691 2324 27.
717 2259 779 2341 αφ’
801 2257 856 2338 ὧν,
881 2258 960 2344 ἔφη,
986 2245 1066 2335 ἤδν

96 2413 130 2428 -
160 2382 199 2456 δή
233 2405 306 2448 oum
338 2379 486 2446 Bekkero
520 2382 593 2467 (αφ’
625 2377 662 2446 ὧν
695 2381 748 2459 δή,
782 2380 867 2468 ἔφη).
895 2419 935 2430 —-
959 2381 1056 2462 χρόνῳ

93 2503 159 2567 ποτὲ
190 2503 269 2582 ἥξεις
301 2504 342 2576 εἷς
376 2506 429 2576 τὴν
462 2501 605 2581 ἑτέραν
639 2505 755 2583 ἤπειρον
790 2542 830 2552 -
862 2504 947 2588 quod
976 2503 1057 2568 Pao-

93 2623 165 2688 tzoit
193 2626 228 2690 in
261 2623 337 2690 Obs.
371 2646 414 2689 or.
441 2647 473 2708 p.
501 2625 540 2688 15
566 2627 724 2702 suaserat,
749 2647 806 2709 pro
832 2625 937 2704 ἑτέραν
960 2626 1057 2689 refin-

94 2747 224 2825 geudum
256 2769 323 2812 esse
358 2744 579 2825 ὑμετέραν,
611 2746 695 2810 idem
724 2745 788 2810 iam
812 2768 830 2809 a
853 2744 1000 2810 Bekkero
1023 2746 1059 2810 in
1085 2802 1090 2807 .

94 2863 208 2930 textum
240 2870 311 2932 erat
342 2870 513 2951 receptum.
541 2905 582 2916 -
609 2868 662 2932 28.
685 2868 822 2947 ’Όμηρον
851 2869 918 2932 τὸν
956 2891 1060 2942 πονη-

94 2986 157 3060 τήν
180 3027 220 3040 -
248 3011 304 3054 our
338 2988 481 3053 eiciendo
506 2988 682 3052 existimem
709 2987 862 3054 vocabula
892 2989 942 3052 τὸν
972 3013 1060 3062 παν-

94 3107 148 3179 rto·
175 3132 272 3195 supra
304 3109 452 3174 indicavi.
477 3146 517 3156 -
543 3107 582 3172 In
610 3109 795 3174 hexametro
819 3110 922 3195 priore
945 3110 1060 3174 vitium

95 3231 252 3296 metricum
272 3231 399 3296 'correxi
424 3230 565 3295 scribens
589 3238 717 3301 Λυκῖνος
742 3253 800 3314 pro
823 3230 1003 3302 Λουκιανός.
1017 3269 1059 3280 --

97 3347 143 3414 29.
167 3349 224 3416 οἵτε
250 3349 325 3418 κατ’
352 3351 482 3425 ἄλλαν
508 3351 656 3432 ἐμπορίαν
680 3352 833 3422 πλέοντας
855 3387 895 3402 -
917 3351 1061 3436 spurium

97 3491 155 3536 esse
178 3472 280 3548 ἄλλον
299 3473 449 3558 opinatus
470 3476 517 3537 est
535 3471 784 3551 Herwerdeuus;
810 3475 845 3536 at
862 3471 914 3537 hio
933 3474 1061 3557 quidem
1162 3469 1165 3476 ⁴

98 3613 142 3655 me
175 3617 240 3660 non
278 3595 375 3659 habet
416 3593 688 3670 consentientem
721 3615 861 3679 agnosco
897 3595 957 3661 hoo
992 3596 1064 3662 looo
