2594 4128
332 367 520 424 οΝΕιυοΣ
545 367 573 422 Η
597 323 879 423 ᾹΛΕΚΤΡΤΩΝ.
1021 356 1086 422 135

122 548 189 614 οὐδὲ
211 543 307 625 λόγου
328 545 502 626 μεταδίδως
525 547 637 625 ἐνίοτε,
657 545 715 610 κῶν
727 571 771 616 σοι
792 546 863 630 δοκή
874 595 882 625 ,
898 549 1087 627 κατεχαλά-

123 669 221 751 ζησας
239 670 339 733 αὑτῶν
359 665 507 749 ἀφθόνους
532 668 601 741 τοὺς
624 669 722 740 λίθους
745 668 761 744 ή
782 669 842 739 τάς
864 670 968 740 ούσίας
988 671 1087 734 οὔτῶν

123 790 315 868 ἐδήμευσας·
336 789 457 855 ούτεδὲ
478 792 676 870 συκοφάντην
697 789 796 862 δέδιας
805 772 936 876 ’[αὑτδς]
947 788 1016 854 οὔτε
1029 803 1086 872 λη·

122 914 198 987 στήν
218 914 263 990 μή
285 898 441 992 ὑφίλήτιοι
462 912 497 976 τδ
516 913 641 992 χρυσίον
654 911 794 992 ὑπερβάς
808 913 842 976 τὸ
856 912 986 991 θριγκίον
1000 913 1016 986 ή
1031 910 1092 1004 διο·Ι
1189 999 1191 1004 ,

122 1032 217 1116 ρύξας
246 1033 297 1098 τὸν
321 1042 437 1116 τοῖχον,
461 1031 531 1098 οὔτε
552 1033 734 1114 πράγματα
754 1032 837 1114 ἔχεις
858 1031 1087 1113 λογιζόμενοςιί

122 1156 265 1220 ἀπαιτῶν
290 1158 306 1230 ή
332 1164 395 1226 τοῖς
417 1153 605 1241 καταροίτοις
623 1154 784 1230 οἰκονόμοις
802 1153 1012 1218 διαπυκτεύων
1032 1153 1086 1216 καί

123 1276 196 1358 πρὸς
217 1276 375 1347 τοσαύτας
396 1275 560 1358 φροντίδος
583 1275 838 1356 διαμεριζόμενοι,
853 1275 940 1340 ἀλλά
954 1274 1088 1354 κρηπῖδα

40 1475 47 1486 .
122 1399 311 1472 συντελέσας
332 1399 415 1462 ἑπτά
435 1397 563 1476 όβολοὺς
584 1396 665 1477 ἔχων
682 1397 733 1460 τὸν
753 1396 867 1474 μισθόν,
894 1397 1085 1468 ἀπαναστὰς

122 1521 190 1602 περί
213 1520 315 1594 δείλην
335 1521 438 1604 όφίαν,
459 1516 663 1602 λουσοίμενος,
687 1519 722 1593 ήν
747 1519 817 1599 δοκή
841 1515 994 1596 σαπέρδην
1019 1517 1087 1580 τινά

122 1644 140 1718 ἢ
164 1641 310 1718 μαινίδας
331 1641 347 1715 ή
363 1641 524 1719 κρομμύων
538 1640 717 1723 κεφαλίδας
731 1640 843 1717 ύλίγας
859 1638 1023 1718 πριάμενος
1038 1638 1096 1721 εύ-Ι

122 1763 262 1844 φραίνεις
285 1762 426 1846 σεαυτὸν,
446 1762 523 1846 ᾄδειν
537 1762 579 1827 τά
592 1763 697 1826 πολλά
711 1761 763 1826 καί
776 1772 814 1844 τή
826 1761 981 1842 βελτίστη
995 1761 1086 1841 ’πενίᾳ

116 1889 391 1968 προσφιλοσοφῶν.
417 1883 470 1948 23,
485 1881 563 1948 ῶστε
577 1883 629 1948 διά
642 1888 748 1948 ταῦτα
763 1883 911 1960 ὑγιαίνεις
925 1909 959 1946 τε
973 1887 1025 1948 καί
1040 1883 1084 1960 ἔρ-

121 2029 216 2087 ρωσαι
242 2005 275 2069 τὸ
299 2011 391 2082 σῶμα
412 2005 463 2068 καί
486 2004 692 2098 διακαρτερεῖς
713 2005 784 2085 πρὸς
806 2006 839 2069 τὸ
862 2005 965 2084 κρύος·
987 2008 1012 2070 οί
1030 2007 1086 2072 πό·

122 2125 253 2206 νοιγάρ
273 2150 308 2190 σε
328 2127 560 2205 παραθήγοντες
582 2129 635 2191 οὑκ
656 2127 924 2220 εὐκαταφρόνητον
943 2129 1084 2204 ἀνταγω-

123 2249 228 2320 νιστήν
245 2248 453 2328 ἀποφαίνουσι
467 2247 538 2326 πρὸς
552 2246 594 2310 τά
607 2249 753 2312 δοκοῦντα
765 2256 828 2319 τοῖς
841 2245 948 2319 ἀλλοις
963 2247 1085 2329 ἀμαχα

123 2363 214 2434 εἰναι.
234 2369 347 2445 ἀμέλει
365 2368 446 2433 οὑδίν
468 2384 512 2432 σοι
532 2370 590 2432 τῶν
611 2374 764 2449 χαλεπῶν
783 2370 896 2432 τούτων
909 2369 1087 2445 νοσημάτοιν

125 2489 289 2570 πρόσεισιν,
314 2491 389 2554 ἀλλ’
417 2490 452 2566 ήν
477 2514 552 2553 ποτε
578 2493 690 2568 κοῦφος
716 2492 845 2570 πυρετός
869 2490 1089 2569 ἑπιλάβηται,

123 2611 199 2691 πρὸς
231 2612 333 2688 ὀλίγον
364 2611 557 2690 ὑπηρετήσας
583 2613 667 2692 αὑτῷ·
691 2612 889 2686 ἀνεπήδησας
916 2613 1001 2684 εὐθὺς
1024 2613 1101 2678 ἀπο·

125 2731 306 2810 σεισάμενος
332 2733 386 2806 τήν
406 2731 495 2810 ἀσην,
516 2733 529 2796 ὑ
550 2732 581 2796 δὲ
598 2734 713 2814 φεύγει
733 2733 849 2821 αὐτίκα
869 2733 1016 2814 φοβηθείς
1029 2739 1089 2812 ψυ-

124 2857 201 2933 χροῦ
222 2853 251 2918 σ’
273 2854 341 2934 δρῶν
361 2854 585 2934 ἐμφορούμενον
605 2855 658 2919 καί
679 2854 787 2936 μακρά
800 2855 937 2937 οἰμώζειν
952 2857 1086 2932 λέγοντα

115 2951 196 3046 Ιταῖς
222 2976 374 3053 ἰατρικαῖς
402 2975 565 3054 περιόδοις·
592 2977 617 3041 οἰ
641 2975 666 3039 δ’
691 2974 743 3040 ὑπ’
766 2978 917 3056 ἀκρασίας
940 2975 1036 3040 ἀθλιοι
1057 2978 1089 3043 τί

125 3101 186 3160 τῶν
208 3102 308 3160 κακῶν
331 3096 385 3159 οὐκ
408 3095 533 3175 ἔχουσι,
552 3096 711 3176 ποδάγρας
732 3098 784 3160 καὶ
810 3095 911 3177 φθόας
931 3097 983 3160 καί
1007 3119 1090 3176 περι·

126 3218 311 3295 πνενμονίας
334 3217 385 3282 καί
401 3217 517 3297 ὑδέρους
532 3240 539 3296 ;
557 3222 661 3282 ταῦτα
674 3218 738 3298 γάρ
751 3225 808 3283 τῶν
821 3223 998 3283 πολυτελῶν
1011 3218 1088 3283 ε’κεί·

125 3365 182 3406 νυν
213 3337 339 3404 δείπνων
363 3335 517 3416 ἀπόγονα.
550 3345 710 3420 τοιγαροῦν
734 3342 760 3405 οἰ
784 3340 841 3417 μὲν
866 3341 966 3404 αὑτῶν
989 3337 1087 3420 ῶσπερ

127 3463 141 3528 ό
156 3466 279 3542 Ἴκαρος
299 3459 349 3525 ἐπί
370 3461 449 3526 πολὺ
462 3458 593 3541 ἀραντες
607 3461 720 3534 αύτούς
733 3462 784 3526 καί
800 3449 1032 3536 πλησιοίσαντες
1046 3464 1088 3542 τῷ

126 3585 203 3666 ήλίῳ
223 3584 277 3648 οὑκ
300 3581 412 3655 εἰδότες
436 3577 482 3647 ίτι
502 3583 579 3663 κηρῶ
601 3580 730 3663 ήρμοστο
751 3585 856 3656 αὑτοῖς
881 3585 898 3659 ή
920 3583 1086 3665 πτέρωσις,
