2640 4138
535 373 621 420 XLIII

82 549 230 632 φορτίδος
262 549 380 612 ἱστοῦ
413 543 541 613 ἕκοιστον
572 552 631 611 τῶν
660 531 782 627 ττερῶν
800 545 985 627 μακρότερον
1009 547 1062 613 xc}

82 670 268 750 ταχύτερον
292 667 462 748 Φέρουσι
488 705 529 718 -
554 689 612 753 pro
637 666 760 748 φέρουσι
786 667 869 732 edidi
893 667 1064 749 Φύουσι;

82 791 323 857 Hsrwerdcnus
340 792 374 853 et
392 788 605 854 Schwartzius
623 787 757 874 (Mnsm.
777 787 819 855 N.
834 788 865 855 S.
878 788 915 855 F.
936 813 967 876 p.
983 790 1062 878 249)

88 915 265 994 Φοροῦσι.
302 909 515 976 Schwartzius
533 912 697 1004 praetereo
708 909 916 995 probabiliter
928 910 1063 976 coniecit

91 1029 288 1120 prot'xxcrcv
305 1031 477 1117 legendum
498 1053 564 1097 osse
584 1033 777 1112 ἑκοέτερον
796 1037 828 1098 ct
847 1033 857 1097 ἱ
867 1032 982 1098 ττέου
1002 1049 1061 1116 pro

90 1156 184 1220 ἱστοῦ.
207 1192 248 1202 -
271 1154 285 1217 ὁ
309 1153 339 1217 δέ
363 1151 551 1230 θεοισοέμενος
572 1155 624 1218 κοιὶ
646 1154 709 1218 οὶτὸ
730 1159 785 1227 τῆς
806 1153 876 1224 δέοις
889 1178 924 1218 τε
938 1153 989 1218 xci
1005 1159 1063 1228 τῆς
1136 1166 1138 1172 ’

86 1283 198 1351 στολῆς
211 1274 341 1346 εἰκάσας
355 1311 399 1323 -
412 1274 567 1340 vocabula
588 1281 658 1348 τῆς
680 1274 770 1346 δέοις
791 1299 833 1339 τε
853 1274 920 1340 ιιοιέ
940 1273 1064 1339 omissit

86 1396 270 1482 Bekkerus3
295 1398 405 1462 eadem
429 1398 545 1467 desunt
563 1397 598 1460 in
617 1396 780 1462 Marciano
802 1397 856 1483 (ot.
877 1395 1063 1462 Hcrwcrdc-

85 1541 148 1583 nus
171 1520 208 1581 in
230 1517 428 1582 Plutarchsis
448 1521 481 1582 ct
502 1516 681 1602 Lucicneis,
700 1541 731 1602 p.
746 1517 812 1603 55).
826 1557 869 1566 -
883 1517 918 1594 ἢν
938 1518 970 1583 δὲ
994 1517 1062 1582 ιιιιὶ

85 1621 264 1718 κοιτορέιέισιο
292 1639 468 1704 -dubito
494 1661 536 1703 cn
560 1639 736 1724 genuinum
750 1627 804 1704 'sic
817 1640 903 1704 istud
929 1641 991 1706 κου’.
1019 1679 1062 1690 -

88 1761 142 1829 12.
178 1761 192 1825 ὃ
222 1761 253 1825 δὲ
285 1760 424 1840 Φοιέθνιν,
456 1762 568 1840 φησίν,
601 1763 616 1824 c‘
647 1767 706 1825 τῶν
736 1762 765 1824 έν
790 1765 831 1841 τῷ
856 1762 932 1842 ἦλέιρ
956 1786 1061 1827 κοιτοι-

86 1884 216 1949 κούντοιν
247 1881 399 1961 βοισιλεύς
425 1920 466 1930 -
491 1881 726 1948 Herwcrdenus
748 1884 834 1948 recte
856 1883 1061 1969 interpunxit

85 2003 99 2069 ὃ
135 2001 186 2081 δέ,
216 2001 361 2084 φοιέθιιν,
393 2004 489 2083 once
520 2003 603 2080 τοτὲ,
637 2003 692 2067 sed
715 2003 760 2067 sio
782 2003 847 2068 iam
871 2002 1057 2070 Dindorfius

84 2126 257 2210 scripserat
295 2126 330 2189 in
370 2123 641 2208 Tauchnitzianc‚
677 2127 710 2188 ot
744 2127 819 2188 ante
854 2122 1057 2189 Dindorfium

84 2247 251 2312 Bekkerus
273 2247 372 2310 tacito
397 2248 592 2323 correxerat,
614 2249 646 2309 et
666 2248 740 2310 ante
759 2244 941 2310 Bekksrum
961 2245 996 2310 F.
1017 2245 1055 2312 G.

86 2367 278 2446 Schoenius,
311 2355 435 2451 sliquot
464 2365 598 2430 Lucicni
625 2366 825 2452 dialogorum
854 2367 966 2432 doctus
989 2367 1056 2431 sdi-

86 2492 148 2554 tor.
169 2527 211 2537 -
234 2488 371 2554 ἐκώλυε
396 2486 450 2561 τὴν
474 2488 620 2552 οὶιτοιιιέοιν
639 2523 681 2536 -
704 2487 873 2552 ἐκώλυσε
894 2510 967 2553 oum
977 2486 1071 2552 Diu--

89 2609 191 2675 dorfio
214 2613 246 2674 ct
268 2608 427 2675 Bckkero.
453 2646 495 2658 -
524 2609 574 2673 13.
602 2607 653 2672 κοιὶ
679 2609 737 2673 τῶν
762 2605 853 2684 ξένον
877 2608 1057 2689 συμμοέχιιν
1089 2589 1090 2594 ¹

88 2767 131 2779 -
164 2731 354 2796 alterutrum
386 2729 547 2805 abundct3
578 2730 779 2794 abiciendum
811 2731 922 2814 putavi
951 2731 1059 2816 prius,

87 2852 239 2939 quoniam
261 2853 297 2917 in
316 2850 522 2946 seqccntibus
543 2851 660 2936 ubique
679 2849 846 2932 σύρροοχοι
868 2873 1060 2916 commemo·

85 2979 214 3052 rantur,
242 2994 310 3039 non
336 2969 425 3048 ξένοι.
452 3010 494 3021 -
516 2972 639 3046 τούτους
664 2974 725 3052 ἐγὼ
750 2976 803 3038 οὐκ
827 2974 1061 3050 έθεοισοέμιιν-

85 3096 206 3161 inserui
229 3097 255 3161 δ’
278 3095 364 3158 inter
386 3095 511 3165 τούτους
536 3064 569 3158 et
591 3095 663 3172 ἐγώ.
687 3133 732 3146 -
755 3094 905 3175 τεριέστιοο
930 3094 992 3174 γιὶρ
1006 3093 1058 3158 ιιοιὶ

86 3216 209 3283 ἄπιστοι
233 3218 299 3295 τερὶ
325 3216 425 3280 οιύτῶν
445 3216 617 3294 ἐλέγοντο
640 3254 687 3276 -.
706 3218 869 3296 ἐλέγετο
891 3238 963 3281 cum
976 3214 1059 3279 Din-

86 3337 188 3404 dorfio
217 3339 250 3402 ct
270 3336 426 3402 Bckkero.
452 3374 495 3385 —
522 3336 573 3401 15.
600 3337 662 3403 Pro
686 3339 872 3420 διυφῆναι,
899 3337 984 3421 quod
1009 3357 1059 3403 sc·

86 3459 168 3536 mel,
200 3458 234 3522 ni
265 3457 376 3535 fallor,
408 3457 443 3522 in
474 3461 544 3522 tcta
568 3457 747 3525 Graccitcts
771 3462 921 3544 apparet,
946 3457 1059 3542 scripsi

87 3579 254 3660 ἐξυφῆνοιι.
279 3617 323 3628 -
349 3579 400 3642 16.
434 3577 447 3641 δ
476 3579 539 3659 γὰρ
562 3579 712 3658 μέγιστος
737 3581 837 3645 αὐτῶν
860 3580 928 3645 ua)
954 3579 1065 3646 δέτλε··
