2640 4138
686 309 740 352 LVI

227 480 400 544 certamine
432 481 523 544 soleis
547 472 655 544 ferreis
678 481 714 542 in
737 479 839 563 glacie
863 478 961 542 citato
986 500 1080 542 cursu
1108 475 1225 541 1666-Ι

224 603 325 680 tium,
359 602 413 666 sed
445 602 483 665 de
515 601 764 668 discurrentibus
796 601 830 664 in
863 600 964 684 glacie
988 600 1114 664 dictum
1142 621 1212 664 esse

230 723 489 787 existimabimus.
516 761 556 770 -
584 722 614 787 5.
642 723 655 786 ὁ
680 721 948 800 συγγραφεὺς
976 722 1139 798 Ἡρόδοτος
1169 760 1211 768 -

226 865 294 907 non
328 865 454 927 possum
492 843 570 907 mihi
586 908 591 920 ,
607 845 812 928 persuadere,
849 843 905 927 qui
936 843 1036 908 doctis
1069 845 1212 909 auribus

228 965 372 1048 scripsit,
403 987 547 1049 unquam
576 963 712 1044 “Opnpon
745 965 796 1026 τὸν
821 965 988 1038 ποιητήν
998 1011 1006 1040 ,
1030 971 1131 1044 Κῦρον
1160 966 1212 1029 τὸν

227 1083 383 1161 βοισιλὲοο,
418 1087 606 1164 Ἀριστείδου
638 1089 687 1150 τὸν
724 1087 881 1160 Ἀθννοοῖον
910 1085 964 1163 ¹vel
995 1087 1074 1150 talia
1102 1089 1213 1152 dicere

148 1283 153 1292 ¹
225 1209 387 1294 potuisse„
436 1207 490 1272 An
536 1211 630 1293 putas
676 1228 734 1270 nos
778 1207 857 1270 serio
900 1209 932 1269 et
975 1228 1083 1270 coram
1132 1207 1212 1272 viris

227 1332 356 1410 μετρίως
397 1329 648 1405 πεπαιδευμένοις
681 1330 777 1392 verba
809 1328 959 1392 facientes
992 1329 1029 1392 de
1064 1327 1212 1393 Goethio

181 1426 184 1444 ⁴
224 1465 333 1538 poeto,
361 1451 591 1515 Rembrandtio
611 1454 747 1536 pictore,
773 1449 991 1514 Beethcvenio
1016 1447 1136 1515 musico
1152 1473 1210 1517 un-

228 1574 325 1656 quam
360 1595 427 1636 esse
461 1573 632 1635 locuturos.
694 1571 869 1634 Manarnnt
902 1570 980 1634 haec
1018 1594 1057 1635 ex
1094 1573 1210 1636 eodem

229 1681 404 1778 sapientiae
428 1692 536 1770 fonte,
562 1695 612 1756 cui
637 1691 757 1756 scholia
782 1679 1000 1777 mythologice
1025 1693 1076 1756 vel
1101 1693 1210 1756 histo·

229 1815 294 1878 rica
318 1814 485 1890 debemus,
511 1813 617 1896 qualia
641 1813 793 1896 leguntur
816 1835 844 1876 v.
872 1834 897 1876 c.
921 1811 976 1876 Bis
1000 1812 1117 1878 Accus.
1147 1815 1209 1880 21:

230 1936 255 2000 εἱ
280 1939 354 2012 γοῦν
379 1959 424 2006 τις
450 1937 554 2005 αὐτοῖς
580 1936 635 2010 μὲν
661 1934 711 1997 τὸν
736 1940 789 1998 τοῦ
816 1935 916 2012 Γύγου
942 1935 1107 2000 δακτύλιον
1139 1933 1209 2000 ἔδοι-

231 2082 298 2132 κεν,
332 2060 375 2128 ὡς
410 2055 702 2132 περιθεμένους
737 2059 787 2131 μὴ
819 2057 1005 2136 ὁροῖσθοιι,
1031 2058 1046 2131 ἢ
1072 2060 1129 2132 τὴν
1155 2061 1208 2121 τοῦ

227 2179 331 2250 Ἄιδος
359 2186 446 2250 κυνῆν
472 2179 554 2255 κτὲ.,
580 2177 630 2241 vet
654 2179 692 2241 de
716 2176 828 2242 Saltat.
857 2179 915 2241 37:
960 2177 1030 2250 Διὸς
1055 2182 1208 2256 γέννησιν,
1229 2193 1231 2202 “

230 2301 318 2370 Ῥέοοο
345 2301 488 2374 οὶποέτιρν,
514 2300 555 2364 λί
564 2302 576 2362 t
589 2324 627 2362 ου
651 2298 873 2376 ὑποβολήν,
897 2300 1005 2375 Κρόνου
1025 2300 1144 2376 δεσμοὶ,
1159 2300 1209 2363 vel

230 2405 343 2495 Quom.
371 2419 454 2483 Hist.
480 2442 504 2483 s.
531 2441 652 2483 conscr.
680 2420 738 2482 10:
764 2417 902 2494 ὀξύτερον
928 2422 983 2496 μὲν
1008 2425 1061 2483 τοῦ
1085 2424 1207 2500 ’Ἄργου

199 2522 200 2527 ¹
232 2541 352 2621 ὁρῶντες
383 2541 449 2603 καὶ
484 2540 746 2620 ποοντμχόθεν
779 2546 846 2604 τοῦ
872 2541 1070 2617 σώματος.
1120 2543 1207 2618 Quae

232 2683 291 2725 nos
324 2665 418 2726 docto
448 2661 604 2726 monacho
630 2666 666 2726 ut
689 2663 751 2745 ipsi
774 2662 876 2747 magis
902 2667 977 2748 apta
999 2664 1083 2728 dona
1108 2664 1207 2728 retin-

231 2804 373 2866 quemus.
404 2819 444 2830 -
469 2784 630 2860 μεγοέλους
663 2783 822 2858 ποποιμούς
846 2809 881 2847 πε
906 2785 1042 2860 διοιυγεῑς
1069 2782 1206 2860 ἐξιόντος

233 2900 330 2982 ἠρέμμ
346 2905 570 2968 —lectionem
594 2927 612 2966 a
635 2903 780 2968 Bekkero
796 2908 833 2968 ‘et
853 2903 1020 2968 Dindorfio
1033 2908 1205 2988 receptam,

234 3029 388 3106 ἐξιέντοις,
414 3028 583 3090 confirmat
604 3026 785 3090 Marcianus
800 3027 985 3111 (secundum
997 3023 1205 3092 Herwerdeui

233 3149 460 3233 collationem).
476 3187 518 3195 -
532 3149 591 3211 Κοιὶ
613 3145 701 3227 οιῦροιι
725 3149 755 3212 δέ
777 3173 855 3218 τινες
871 3147 969 3220 ἡδεῖοιι
992 3147 1025 3211 δι
1037 3149 1202 3212 οιπνέουοοιι

234 3270 333 3348 ἠρέμα
354 3273 407 3342 πῖον
429 3266 502 3342 ὕλην
523 3268 697 3332 διεποὶλευον
713 3309 752 3315 -
766 3268 835 3332 fieri
854 3271 973 3352 potest,
993 3272 1031 3332 ut
1051 3265 1204 3332 Marciani

234 3391 326 3460 lectio
362 3393 505 3455 πνέουσοιι
537 3413 647 3454 verum
679 3391 846 3473 praebeat,
880 3393 913 3452 et
944 3393 980 3454 ut
1014 3387 1203 3475 praepositio

235 3516 457 3597 praecurrente
488 3511 610 3576 librarii
642 3512 750 3589 oculo,
777 3534 814 3576 ex
839 3514 991 3598 sequente
1015 3511 1203 3576 διεσάλευον
