2594 4128
243 278 287 344 90
594 290 849 348 AOTKIANOT

243 475 387 551 κεφαλῆς
410 466 505 550 εἶχον,
526 472 601 536 ἀλλ’
621 471 678 536 ὑπὸ
697 479 760 544 τοῖς
782 472 969 554 θφθαλμοῖς,
988 468 1086 550 ὥσπερ
1099 470 1112 534 ό
1127 474 1189 534 Man

243 615 299 670 μσς
317 590 410 668 ἠξίου.
434 594 506 669 μετ’
523 593 556 656 οὐ
575 592 655 658 πολὺ
669 593 696 657 δ’
710 594 751 665 είς
764 592 903 672 πέλαγος
920 593 1123 671 ένεβαίνομεν,
1139 592 1189 671 οὐχ

244 707 375 789 ὕδατος,
400 714 488 779 οίλλθο
510 713 690 793 γοίλακτος.
716 715 768 780 καί
794 722 880 789 νῆσος
900 717 930 779 ἐν
953 716 1035 793 αὐτῷ
1057 712 1190 794 ἐφαίνετο
1243 725 1244 732 ’

244 835 338 908 λεοκθι
363 833 481 915 πλιίρης
504 834 667 920 οίμπέλων,
686 830 719 910 ἦν
738 836 770 901 δέ
792 837 809 912 ἡ
830 843 917 911 νῆσος
931 835 1017 916 τορός
1030 810 1190 914 μέγιστος,

243 953 326 1019 ποίνο
346 957 578 1035 συμπεπηγώς,
601 957 640 1027 είς
662 953 784 1038 ὕστερον
803 955 1003 1037 ἐμφαγόντες
1027 954 1189 1034 ἐμοίθομεν,

243 1075 337 1142 πέντε
355 1076 408 1141 καί
433 1075 524 1142 είκοσι
544 1077 677 1142 σταδίων
696 1079 730 1142 τό
755 1078 949 1157 περίμετρον·
973 1077 1006 1140 αί
1023 1076 1048 1141 δ’
1063 1074 1191 1153 οίμπελοι

241 1195 376 1277 βοτρύων
397 1199 538 1278 πλήρεις,
562 1200 594 1262 οὐ
614 1198 716 1276 μέντοι
738 1193 812 1261 οἶνον
824 1243 833 1275 ,
846 1198 935 1262 οίλλόι
951 1198 1043 1275 γοίλα
1056 1195 1091 1274 ἐξ
1103 1199 1192 1262 αὐτῶν

243 1317 464 1394 ἀποθλίβοντες
489 1315 640 1397 ἐπίνομεν.
664 1319 739 1397 ἱερὸν
763 1317 790 1380 δ’
815 1318 844 1382 ἐν
867 1320 947 1400 μέση
971 1327 1009 1398 τῇ
1035 1321 1114 1398 νιίσιρ
1138 1318 1193 1399 ἐνρ-

242 1438 391 1516 κοδόμητο
416 1440 595 1511 Γαλατείας
621 1446 676 1512 τῆς
696 1438 852 1522 Νηρηίδος,
877 1442 915 1512 ὡς
940 1439 1048 1513 ἐδίλοο
1080 1440 1115 1504 τὸ
1140 1439 1192 1502 ἐπί-

242 1583 394 1641 γραμμα.
419 1557 485 1627 όσον
505 1561 531 1625 δ’
549 1556 598 1626 οὖν
617 1561 723 1641 χρόνον
744 1563 809 1626 ἐκεῖ
826 1561 1009 1645 ἐμείναμεν,
1030 1559 1105 1642 όψον
1117 1558 1193 1637 μένιί

243 1689 287 1760 γη
312 1682 367 1763 καίἸ
385 1681 479 1746 σιτίον
500 1682 641 1778 ὑπῆρχε,
662 1683 752 1747 ποτὸν
775 1683 806 1747 δέ
828 1685 863 1748 τό
877 1681 969 1760 γοίλα
982 1682 1018 1746 τό
1030 1683 1065 1748 ἐκ
1081 1689 1140 1748 τῶν
1150 1680 1194 1758 βο·

243 1802 351 1881 τριίων.
374 1801 555 1881 βασιλεύειν
575 1804 606 1868 δέ
625 1810 683 1870 τῶν
704 1806 820 1884 χωρίων
840 1804 953 1869 τούτων
975 1804 1104 1882 ἐλέγετο
1118 1801 1193 1882 Τορίο

245 1925 261 1999 ἡ
287 1925 498 2003 Σαλμωνέως,
523 1925 606 2001 μετὰ
629 1925 687 2008 τέιν,
703 1926 837 1990 ἐντεῦθεν
865 1926 1065 2004 ἐπαλλαγὴν
1086 1924 1194 1998 ταύτην

245 2047 332 2124 παρόι
354 2051 407 2109 τοῦ
426 2045 605 2118 Ποσειδῶνος
626 2045 772 2124 λαβοῦσα
793 2047 847 2120 την
865 2047 969 2124 τιμήν.
992 2047 1020 2110 4.
1041 2049 1194 2123 μείναντες
1271 2126 1272 2134 ¹

244 2166 271 2230 δ’
293 2167 408 2245 ἡμέρας
430 2167 460 2236 ἐν.
480 2177 518 2249 τῇ
540 2167 617 2247 νιίσιρ
642 2169 735 2232 πέντε
756 2177 795 2250 τῇ
807 2164 882 2249 ἕκτη
895 2166 1134 2247 ἐξωρμήσαμεν,
1148 2163 1195 2232 αθ·

243 2311 297 2367 ροις
319 2286 376 2363 μέν
394 2311 471 2358 τινος
493 2290 781 2366 παραπεμπούσης,
795 2262 987 2365 λειοκύμονος
1000 2289 1027 2353 δ’
1040 2286 1132 2364 οὔσης
1146 2297 1194 2362 τῆς
1271 2273 1272 2280 ¹

244 2409 420 2481 θαλοίττης·
445 2417 483 2490 τῇ
505 2407 598 2489 όγδόη
617 2409 647 2472 δὲ
663 2409 793 2495 [ἡμέρα]
807 2410 951 2482 πλέοντες
972 2410 1071 2474 οὐκέτι
1086 2410 1137 2476 διόι
1149 2412 1196 2474 τοῦ

245 2528 429 2608 γοίλοιιιτος,
451 2531 528 2595 ἀλλ’
549 2530 602 2607 ἤδη
624 2531 654 2594 ἐν
675 2532 803 2612 οίλμνρῷ
815 2533 867 2596 καί
880 2533 979 2611 νιοανῷ
993 2531 1101 2608 ὕδατι,
1115 2531 1196 2595 καθο-

244 2657 341 2733 ρῶμεν
372 2652 539 2730 οίνθροίποος
571 2651 705 2724 πολλοὺς
735 2653 784 2717 ἐπί
811 2658 864 2748 τοῦ
891 2652 1051 2730 πελοίγοως
1075 2650 1197 2716 διαθέον-

247 2795 322 2852 τας,
341 2768 470 2838 όίπαντα
492 2776 564 2850 ἡμῖν
583 2772 799 2852 προσεοικότας
813 2773 865 2839 καί
879 2774 923 2838 τόν
935 2773 1070 2851 σώματα
1082 2773 1132 2838 καί
1148 2795 1198 2850 με·

246 2893 339 2978 γέθη,
357 2897 438 2970 πλέρν
450 2901 507 2960 τῶν
521 2894 616 2959 ποδῶν
629 2895 743 2971 μόνων·
758 2899 862 2959 ταῦτα
874 2899 937 2975 γοίρ
950 2895 1086 2976 Φέλλινα
1100 2890 1180 2976 εἶχον
1191 2913 1196 2926 ’

244 3018 304 3096 ἀφ’
324 3012 358 3081 οὗ
382 3015 417 3091 δη
437 3013 523 3091 οἶμαι
544 3015 595 3079 καί
616 3015 780 3080 ἐκαλοῦντο
807 3015 1009 3090 Φελλόποδες.
1034 3011 1175 3093 ε’θαομοίζ
1185 3043 1196 3060 ·

244 3161 302 3247 μεν
323 3133 372 3203 οὖν
384 3138 496 3208 ίδόντες
510 3137 543 3200 οὐ
554 3136 821 3218 βαπτιζομένους,
836 3138 911 3202 αλλ’
925 3135 1130 3218 ὑπερέχοντας
1143 3137 1196 3198 τῶν

179 3313 186 3323 .
244 3260 391 3339 κομείτων
413 3258 466 3322 καί
487 3256 580 3329 οίδεῶς
603 3257 839 3337 ὁδοιποροῦντας.
862 3259 888 3323 οί
911 3256 943 3322 δέ
964 3257 1016 3323 καί
1031 3258 1195 3339 προσῄεσαν

246 3381 298 3447 καί
311 3379 483 3461 ησποίζοντσ
496 3379 580 3455 ἠμοῖς
591 3377 758 3461 Ἐλληνικῇ
772 3388 869 3461 Φωνῇ,
882 3379 991 3458 ἔλεγόν
1004 3382 1033 3445 τ’
1040 3381 1083 3453 είς
1097 3374 1195 3444 Φελλὼ

248 3504 302 3579 την
322 3503 422 3567 αὐτῶν
442 3501 576 3581 πατριδα
597 3500 794 3577 ἐπείγεσθαι·
807 3503 901 3583 μέχρι
914 3503 970 3581 μέν
983 3497 1031 3568 οὖν
1043 3526 1120 3575 τινος
1133 3519 1196 3564 σον·
