2594 4128
321 326 530 384 ΑΛΗΘΘῙΡΣ
555 325 761 386 mom
787 331 820 384 Β.
992 278 1054 388 ίίίθ

95 509 146 574 καί
165 507 287 578 πλείους
303 545 345 556 -
358 504 454 572 πέντε.
470 511 534 586 γὰρ
554 502 638 586 εἶχον
656 507 855 586 πληρύματα
869 539 907 558 ⁶-
924 509 974 572 καῖ
992 509 1055 574 οίπὸ

96 627 293 710 ἰσχυροτέρων
312 633 382 694 νεῖον
401 627 599 720 μαχόμενοι·
631 629 757 708 raam
777 637 878 694 πλοῖα
893 624 927 703 ἦν
948 631 1053 704 αὐτοῖς

93 751 215 830 κελύφη
242 750 358 829 καρύων
384 749 523 828 ἡμίτομα
548 749 756 826 κεκενωμένα,
781 751 910 829 μέρεέος
936 753 962 818 δ’
983 752 1053 817 ἐκυί·

93 896 165 938 στου
187 871 351 950 ήμισομίου
373 872 403 942 ές
424 877 519 948 μῆκος
538 871 658 949 ὀργυιαί
679 871 914 937 πεντεκαίδεκα.
939 873 1007 938 ἐπεὶ
1027 875 1053 938 δ’

94 995 324 1073 απεκρύψαμεν
335 994 448 1064 αὐτούς
456 1040 464 1069 ,
479 990 595 1070 ίύμεύοί
607 1016 642 1057 τε
655 993 938 1088 τοὺςτραυματίοις
951 995 1003 1060 καί
1018 996 1051 1059 τὸ

93 1115 195 1180 λοιπὸν
217 1116 249 1178 ἐν
268 1122 331 1186 τοῖς
354 1109 459 1183 ίπλοια
479 1109 554 1188 ἦμεν
573 1115 612 1185 ὥς
633 1114 750 1178 ἐπίπαν
767 1115 818 1179 ozei
830 1137 915 1186 τινας
928 1116 1053 1192 ἐπιβου-

60 1317 64 1329 k
92 1235 151 1309 λοδς
176 1235 438 1316 προσδεχόμενον·
454 1235 490 1298 ού
508 1236 622 1309 μοίτην.
649 1233 703 1299 39.
725 1232 806 1300 ούπω
826 1241 901 1313 γοῦν
922 1235 1051 1302 ἐδεδύκει

93 1355 221 1433 ύήλιος,
244 1357 296 1420 καί
321 1354 385 1420 οίπύ
407 1379 486 1428 τινος
511 1356 621 1434 ἐρήμου
645 1357 733 1432 νήσου
753 1357 959 1436 προσήλαυνον
979 1359 1052 1436 ἡμῖν

92 1473 155 1543 ύσον
181 1479 292 1544 εἴκοσιν
316 1476 422 1554 ἄνδρες
448 1477 497 1540 ἐπὶ
524 1475 674 1555 δελφίνων
698 1477 849 1555 μεγοίλων
874 1480 1051 1559 ὀχούμενοι,

91 1599 202 1682 λησταί
225 1599 278 1665 καί
301 1594 400 1664 ούτοι·
424 1598 477 1663 καί
498 1599 523 1662 οί
542 1599 684 1678 δελφῖνες
699 1598 811 1670 αὐτοὺς
825 1598 931 1681 ἔφερον
944 1602 1052 1681 οίσφα-

92 1727 160 1799 λῶς,
180 1723 234 1786 καί
254 1719 473 1794 ἀναπηδῶντες
495 1720 692 1802 ἐχρεμέτιζον
712 1717 810 1799 ὥσπερ
823 1720 921 1788 ἵπποι.
943 1724 1007 1787 ἐπεὶ
1022 1723 1053 1788 δέ

93 1844 220 1917 πλησίον
234 1841 323 1917 ήσαν.
337 1840 522 1914 διαστοίντες
538 1840 577 1927 [οἱ
589 1841 645 1915 μέν
659 1842 747 1920 ἐνίει,
762 1843 789 1906 οί
802 1841 833 1907 δέ
846 1842 938 1929 ἐνίει]
953 1842 1052 1924 ἐβαλ-

94 1981 140 2034 λον
165 1970 251 2044 ήμοῖς
277 1967 402 2039 σηπίαις
427 1963 534 2042 ξηραῖς
556 1963 607 2030 καί
621 1962 802 2043 ’ὀφθαλμοῖς
823 1964 980 2046 καρκίνων.
1004 1990 1053 2030 το-

95 2086 236 2164 ξευίντων
262 2087 292 2151 δὲ
318 2086 370 2150 καὶ
392 2087 475 2162 ήμῶν
495 2086 547 2149 καί
568 2084 783 2165 ἀκοντιζόντων
803 2086 903 2150 οὐκέτι
925 2086 1051 2164 ὑπέμει-

92 2233 152 2288 ναν,
176 2211 265 2276 ἄλλα
291 2207 452 2288 τρωθέντες
475 2208 501 2271 οί
526 2205 634 2272 πολλοί
664 2208 765 2273 αὐτῶν
787 2207 859 2288 πρὸς
885 2210 940 2284 τήν
962 2216 1051 2282 νήσον

91 2331 273 2414 κατέφυγον
309 2330 362 2395 40.
377 2328 442 2407 περὶ
469 2329 500 2394 δὲ
522 2330 557 2395 τδ
582 2330 777 2402 μεσονύκτιον
800 2329 939 2406 γαλήνης
961 2329 1050 2404 οὔσης

90 2452 240 2533 έλιίίομεν
265 2451 518 2531 προσοκείλαντες
543 2447 689 2521 ύλνιυίνος
709 2456 806 2534 καλιρῖ
827 2431 1048 2529 παμμεγέθει·

89 2575 220 2640 σταδίων
240 2576 315 2651 γοῦν
335 2567 483 2648 ἐξήκοντα
502 2565 536 2644 ήν
556 2573 636 2653 αὐτή
656 2572 691 2634 τὸ
704 2570 894 2652 περίμετρον.
919 2573 1048 2638 ἐπέπλει

89 2692 116 2757 δ’
138 2698 154 2770 ή
175 2694 299 2760 οίλκυὼν
320 2694 362 2757 τοὶ
376 2691 422 2773 ᾧοὶ
436 2692 598 2758 ίοίλτουσα
610 2692 643 2755 ού
657 2692 737 2756 πολὺ
750 2692 843 2768 μείων
855 2701 910 2767 τῆς
924 2698 1051 2762 καλιοῖο.

88 2817 139 2882 καί
165 2817 201 2890 δή
226 2813 436 2891 ἀναπταμένη
461 2817 568 2900 μικροῦ
590 2813 647 2890 μὲν
666 2811 817 2877 κατέδυσε
838 2814 891 2888 τήν
912 2817 986 2878 ναῦν
1007 2816 1048 2894 τῷ

87 2938 192 3020 ιίνέμιρ
213 2939 274 3003 τῶν
293 2936 423 3015 πτερῶν·
450 2932 551 3016 ᾤχετο
569 2933 594 2997 δ’
614 2928 662 2998 οὖν
678 2932 844 3015 φεύγουσα
856 2933 965 3014 γοεροίν
979 2957 1049 2998 τινα

88 3059 190 3139 φωνήν
210 3057 383 3137 προϊεμένη.
410 3054 562 3133 ἐσβοίντες
576 3053 602 3118 δ’
615 3057 703 3130 ἡμεῖς
718 3053 833 3136 ἡμέρας
847 3055 900 3130 ήδη
916 3055 1049 3133 ὑποφαι-

88 3178 193 3254 νούσης
229 3178 381 3255 ἐίεύμεέα
412 3177 470 3251 τήν.
490 3176 604 3240 καλιὰν
627 3175 742 3259 σχεδία
765 3176 895 3257 μεγοίλη
917 3199 1049 3255 προσεοι-

88 3309 177 3366 κυῖαν
197 3301 233 3364 ἐκ
250 3299 370 3380 δένδρων
383 3292 535 3377 με’ροίλων
548 3296 846 3379 συμπεφορημένην·
871 3298 937 3371 ε’νήν
952 3297 983 3361 δέ
996 3298 1048 3361 καί

88 3422 134 3503 ᾠίι
159 3422 361 3500 τεντακύσια,
383 3416 513 3486 ἕκαστον
538 3419 665 3504 [αὐτῶν]
690 3418 763 3484 Χίου
787 3419 872 3484 τίίον
897 3434 1048 3499 περιπλη-

89 3543 235 3622 έέστερον.
275 3543 329 3619 ήδη
362 3541 465 3619 μέντοι
489 3539 542 3604 καί
566 3541 592 3605 οί
615 3541 727 3606 νεοττοί
753 3537 864 3640 ἐνδούεν
888 3541 1049 3622 ἐφαίνοντο
