2594 4128
213 358 258 424 84
563 366 819 422 ΛΟΤΚΙΑΝΟΤ
916 363 921 376 “

212 545 351 625 ἔπεμπον
382 549 590 617 ἀπαιτοῦντες
621 546 673 610 τὸν
705 544 841 624 δασμόν·
874 547 896 610 θ’
914 547 941 610 δ’
966 547 1173 625 ὑπεροπτικῶς

212 668 451 748 ἀποκρινάμενος
476 665 630 743 ἀπεδίωξε
653 666 723 740 τοὺς
748 667 916 746 ἀγγέλους.
941 675 1049 747 πρῶτοι
1073 666 1121 733 οὖν
1147 671 1175 734 οἱ

213 789 410 863 Ψηττόποδες
437 791 489 854 καί
510 791 536 855 οί
559 789 748 870 Παγουρίδαι
769 792 1018 869 χαλεπαίνοντες
1031 789 1072 870 τῷ
1083 801 1175 855 Σκιν-

212 913 288 991 θάρρ
310 949 351 960 --·
372 915 462 975 τοῦτο
484 913 546 990 γάρ
568 911 709 977 ἐκαλεῖτο
732 950 773 966 .-
798 913 882 986 μετά
907 916 1023 976 πολλοῦ
1047 911 1174 990 θορύβου

212 1035 358 1115 ἒτὴεσαι.
381 1032 436 1099 37.
459 1035 547 1109 ἡμεῖς
571 1033 602 1098 δέ
622 1034 677 1104 τὴν
697 1029 802 1111 ἔφοδον
818 1032 1039 1111 ὑποπτεύοντες
1054 1029 1174 1108 ἐξοπλι-

213 1153 340 1231 σάμενοι
370 1154 568 1230 ἀνεμένομεν,
602 1153 696 1232 λόχον
726 1153 794 1218 τινά
826 1151 1036 1231 πθθτάξαντες
1061 1153 1174 1235 ἀνδρῶν

211 1274 303 1340 πέντε
324 1276 376 1339 καῖ
402 1273 530 1340 εἴκοσιν·
556 1277 709 1353 προείρητο
729 1273 760 1338 δὲ
780 1283 843 1344 τοῖς
865 1274 894 1337 ἐν
908 1283 946 1355 τῇ
959 1273 1175 1356 ε’νέδρρι,ε’πει-

210 1396 267 1461 δάν
299 1397 381 1461 ῖδοισι
418 1395 673 1473 παρεληλυθότας
700 1394 769 1464 τοὺς
794 1396 978 1478 πολεμίους,
1003 1393 1175 1458 ἐπανίστα-

212 1521 295 1583 σθαι·
319 1518 370 1582 καὶ
382 1514 475 1588 οίίτας
491 1517 647 1590 ἐποίησαν.
662 1516 897 1587 ἐπαναστάντες
910 1516 973 1594 γάρ
987 1516 1174 1580 κατόπισθεν

212 1637 338 1704 ἔκοπτον
363 1638 474 1704 αὐτούς
486 1687 494 1720 ,
516 1635 569 1702 καί
587 1641 677 1714 ἡμεῖς
691 1636 787 1704 δὲκαὶ
807 1637 894 1700 αὐτοί
907 1637 998 1702 πέντε
1012 1637 1064 1700 καὶ
1078 1637 1174 1701 εῖιιοσι

211 1760 263 1825 τόν
287 1761 411 1839 ἀριθμὸν
433 1757 515 1828 όυτες
538 1795 580 1806 --
604 1757 655 1822 καί
681 1758 743 1835 γάρ
764 1759 777 1823 ό
799 1760 961 1836 Σκίνθαρος
983 1759 1035 1821 καί
1057 1759 1070 1822 ό
1094 1765 1172 1828 ταῖς

210 1882 305 1946 αὐτοῦ
332 1879 603 1958 συνεστρατεύοντο
624 1915 664 1926 ·-
685 1878 910 1960 θπηντιάζομεν
931 1879 983 1944 καί
996 1877 1170 1956 συμμίξαν-

210 2026 262 2074 τες
291 2003 375 2082 θυμῷ
409 2001 460 2092 καὶ
497 2003 578 2082 ῥόμη
603 1999 866 2077 διεκινδυνεύομεν.
890 1999 978 2071 τέλος
1003 1999 1033 2064 δὲ
1059 2001 1171 2080 τρσπὴν

210 2126 309 2188 αὐτῶν
335 2124 533 2198 ποιησάμενοι
562 2119 792 2198 κατεδιώξαμεν
817 2118 892 2200 ἀχρι
917 2121 989 2198 πρός
1014 2122 1082 2192 τοὺς
1107 2127 1172 2204 φοι-

209 2242 309 2314 λεοός.
336 2244 486 2310 ἀπέθανον
512 2245 543 2308 δὲ
563 2251 625 2308 τῶν
641 2244 697 2320 μέν
718 2243 1103 2320 πολεμίουὲβδομὴκοντα
1117 2231 1171 2306 καί

211 2367 333 2442 ε’κατόν,
355 2369 438 2443 ἡμῶν
458 2365 485 2430 δ’
497 2359 540 2436 εἷς
564 2364 646 2450 [καί]
666 2365 891 2442 όκυβερνὴτης,
904 2368 1033 2444 τρίγλης
1047 2373 1173 2449 πλευρᾷ

210 2471 371 2567 διαπαρείς
397 2487 431 2551 τὸ
454 2484 654 2566 μετάφρεννν.
679 2485 731 2552 38.
756 2487 868 2560 ἐκείνην
887 2489 943 2564 μὲν
964 2483 1012 2552 οὖν
1030 2492 1082 2560 τὴν
1097 2491 1174 2564 ἡμὲ-

210 2635 264 2690 ραν
287 2609 338 2672 καί
360 2611 414 2684 τὴν
439 2609 533 2674 νθκτα
553 2607 789 2684 ἐπηυλισοόμεθα
803 2619 841 2689 τὴ
854 2607 948 2690 μοίχη
961 2611 1014 2674 καὶ
1028 2611 1175 2689 τρόπαιον

210 2731 396 2826 ἕστὴσαμεν,
419 2732 511 2811 ,όάχιν
527 2729 621 2809 ξηροὶν.
631 2730 773 2806 δελφῖνος
787 2729 1016 2804 ἀναπήξαντες.
1030 2741 1068 2805 τιῖ
1083 2733 1174 2800 ὑστε-

208 2853 282 2936 ραίρι
302 2852 333 2916 δὲ
355 2852 408 2916 καὶ
427 2854 454 2918 οί
478 2851 569 2917 ἀλλοι
592 2850 763 2929 αἰσθόμενοι
780 2857 942 2928 παρῆσαν,
956 2851 1059 2927 τὸμὲν
1075 2851 1174 2930 δεξιὸν

209 2973 300 3053 κέρας
326 2972 451 3053 ἔχοντες
473 2974 498 3038 οί
523 2976 702 3052 Ταριχᾶνες
721 3008 760 3020 -
777 2973 882 3048 ἡγεῖτο
901 2973 928 3036 δ’
942 2975 1042 3059 αὐτῶν
1061 2972 1174 3048 ’Πὴλοι-

129 3118 132 3128 ·
208 3119 265 3170 μσς
281 3132 320 3142 -
340 3093 375 3157 τὸ
397 3093 423 3157 δ’
445 3093 594 3170 εὐώνυμον
611 3091 636 3157 οἱ
659 3093 907 3172 Θυννοκέφαλοι,
930 3091 964 3155 τό
984 3092 1076 3169 μέσον
1096 3094 1124 3158 δ’
1147 3098 1172 3160 οῖ

210 3213 459 3295 Καρκινόχειρες·
490 3213 516 3277 οἱ
549 3213 611 3292 γάρ
644 3209 924 3291 Τριτωνομένδητες
955 3213 1009 3286 τὴν
1037 3214 1173 3294 ἡσυχίαν

182 3363 189 3374 ·
209 3331 282 3415 ἡγον
305 3333 468 3413 οὐδετέροις
490 3341 677 3416 συμμαχεῖν
693 3333 929 3415 προαιροθμενοιι
956 3336 1046 3410 ἡμεῖς
1058 3335 1090 3400 δὲ
1103 3361 1174 3416 προ-

206 3444 444 3533 απαντήσαντες
467 3457 571 3528 αὐτοῖς
594 3455 680 3535 ταρά
705 3455 740 3520 τό
756 3454 947 3552 Ποσειδώνιον
960 3455 1173 3536 συνεμίξαμεν

205 3588 308 3661 πολλὴ
322 3577 383 3658 βοὴ
395 3577 554 3658 χρθμενοι.
583 3577 716 3656 ἀντὴχει
736 3576 802 3642 δὲτὸ
819 3576 908 3648 κότος
922 3574 1024 3658 θοπερ
1036 3579 1078 3642 τά
1091 3581 1172 3654 σπὴ-
