2640 4138
668 425 774 469 xxm

236 618 282 669 γε
308 591 412 664 σε’νήος
438 631 478 641 -
504 594 538 658 τὸ
564 592 686 671 πένθος,
708 593 832 658 abieoto
852 595 909 672 γὲ,
931 616 1002 660 cnm
1019 594 1212 662 Jacobitzio.

237 753 278 762 -
304 709 433 789 πλησίον
464 711 579 793 ὥσπερ
613 719 663 778 νῦν
692 715 884 794 Εὐκρατίδης
919 753 960 765 —-
982 713 1083 796 οὖτερ
1106 715 1212 796 Eritn-

234 836 351 904 sohins.
384 874 424 884 -
454 837 467 900 ὁ
504 835 531 900 δ’
564 837 683 900 αὐτίκα
713 835 818 932 ἔφριξε
843 836 936 911 μάλα
963 837 1131 914 παιδικῶς,
1159 841 1211 904 καὶ

233 959 335 1023 τοὶλαι
361 958 415 1033 ήδη
439 958 535 1040 ὠχρὸς
562 955 603 1032 ήν
626 957 698 1037 πρὸς
725 959 780 1030 τήν
805 957 945 1036 διήγησιν
970 997 1014 1009 -
1037 960 1108 1043 ipss
1128 960 1210 1025 ratio

233 1067 362 1157 suadet,
381 1084 419 1143 ut
438 1101 496 1164 pro
521 1077 555 1154 ήν
578 1081 705 1164 legatur
722 1080 778 1144 ὤν.
794 1117 835 1128 -
849 1076 894 1143 ὅτι
909 1128 935 1144 ..
953 1129 960 1143 .
978 1129 985 1144 .
1011 1079 1134 1160 θάτερον
1146 1091 1209 1147 τοῖν

233 1199 398 1265 σανδοέλοιν
419 1247 494 1265 ....
513 1203 546 1264 οὐ
566 1200 837 1276 κατακαύσαιμι
855 1241 892 1251 -
907 1201 1048 1266 restituit
1066 1200 1209 1268 Oobetus

232 1321 593 1400 σννκάτακαύσαιμι.
609 1359 650 1370 -
668 1323 721 1386 28.
747 1319 792 1386 ἔτ’
816 1323 961 1386 οὶσιστεῒν
985 1325 1204 1394 τούτοις-

232 1445 448 1520 τοιούτοις,
480 1446 681 1508 monstrante
711 1442 860 1508 Nabero.
884 1481 925 1492 -
953 1437 1011 1509 29.Ι
1039 1445 1078 1509 In
1103 1446 1210 1511 vorbis

231 1565 345 1629 τουτονὶ
370 1564 420 1628 τὸν
445 1563 653 1641 ἀδαμάντινον
674 1565 816 1640 πείθομεν
838 1563 957 1651 (δείξας
971 1566 1040 1651 ἐμὲ)
1063 1569 1207 1643 ἡγεῖσθαι

231 1684 379 1762 δαίμονάς
412 1689 507 1756 τινας
530 1680 606 1748 εἶναι
631 1723 674 1732 -
699 1685 843 1749 abundat
875 1688 1037 1764 ήνεῖοήαι;
1064 1689 1209 1764 πείθομεν

230 1810 279 1871 est
308 1827 456 1890 praesens
488 1806 527 1870 do
557 1807 685 1870 oonatn.
712 1843 754 1853 -
782 1805 814 1880 ήν
847 1808 909 1885 γὰρ
934 1813 1022 1872 τοῦτο
1047 1807 1147 1887 Atys,
1173 1812 1207 1874 οὐ

231 1929 313 1994 οσανν
345 1926 518 2005 ἀπόβλητα
549 1928 672 2006 Φήσει
705 1952 746 1976 ·--
779 1930 883 2007 Φησί
912 1929 1055 1995 dixerim.
1081 1968 1125 1980 -
1151 1934 1206 1997 30,

231 2051 387 2130 παρελθὼν
421 2051 464 2121 εἷς
497 2049 613 2117 ταύτην
647 2086 687 2096 -
720 2049 817 2123 αὐτήν
848 2048 1052 2115 Fritzsohius.
1081 2089 1118 2100 -
1150 2053 1205 2117 31.

231 2175 413 2251 κρατήσεις
447 2171 513 2235 καὶ
545 2170 615 2248 ἄρτι
649 2169 706 2246 μέν
732 2149 773 2220 -ss
799 2173 1001 2250 κρατήσειεν
1024 2170 1093 2250 ἄρτι
1118 2171 1207 2237 Bek-

229 2293 334 2357 korus.
362 2294 403 2340 -’
429 2292 471 2363 εἵς
504 2315 574 2354 τινα
606 2291 719 2369 φοινίαν
750 2298 943 2356 σκοτεινοῦ
968 2294 1134 2371 οἰκήματος
1161 2332 1204 2344 -

229 2416 397 2487 σκοτεινήν
429 2419 496 2478 τοῦ
528 2414 714 2490 οἰκήματος,
750 2435 821 2479 oum
853 2411 1029 2478 Fritzsohio
1052 2413 1205 2480 Halmius

227 2543 262 2602 ot
297 2534 443 2600 Nsberns
477 2538 510 2599 et
543 2534 787 2600 Herwsrdenus.
814 2573 857 2584 -
883 2535 948 2599 ἰδὼν
980 2533 1009 2601 δ’
1042 2539 1135 2602 αὐτὸν
1167 2533 1207 2602 οἷ

229 2657 343 2722 κατέδυ
368 2694 411 2704 -
436 2651 477 2721 οὗ
500 2655 705 2722 Frinsohius.
732 2694 772 2703 -
796 2655 848 2720 καὶ
871 2656 969 2736 νεκρὸν
993 2658 1127 2737 εὑρήσειν
1151 2684 1201 2734 με

229 2777 360 2854 οἰόμενος
376 2780 515 2863 -quod
538 2777 573 2842 in
597 2779 742 2864 margine
765 2775 997 2842 Dindorfianae
1022 2783 1097 2842 ante
1120 2774 1202 2844 1nul·

228 2906 277 2966 tos
301 2922 403 2966 annos
426 2904 674 2976 annonem,
701 2900 784 2976 κοὶμέ
808 2901 981 2984 legendum
1007 2921 1091 2977 osse,
1116 2901 1201 2965 idom

227 3024 421 3089 Fritzsohius
446 3022 545 3099 vidit,
572 3042 665 3105 quem
688 3042 754 3084 non
778 3021 880 3085 multa
901 3022 1016 3086 latent.
1040 3058 1080 3069 -
1103 3024 1201 3100 εὐαγ·

227 3147 422 3228 μελιζόμενος
455 3145 564 3224 αὐτῷ
596 3139 642 3207 ὅτι
677 3181 717 3189 -
743 3140 1022 3220 εὐαγγελιζόμενος
1055 3139 1101 3208 ὅτι
1136 3141 1200 3209 Oo-

225 3269 328 3332 betus.
366 3305 406 3314 -
445 3265 510 3328 καὶ
550 3261 746 3343 παραλαβών
771 3299 812 3309 -
836 3262 1032 3342 παραλαβὼν
1054 3257 1129 3351 Ιοὖν
1155 3303 1197 3314 -

225 3387 416 3452 Fritzsohius
450 3407 467 3448 e
498 3383 606 3448 oodioo
636 3382 833 3448 Florentino.
862 3421 902 3432 -
929 3368 980 3449 32}
1018 3387 1070 3450 καὶ
1104 3385 1198 3463 δόξαν

225 3512 279 3582 τήν
310 3509 375 3596 περὶ
407 3507 533 3570 αὐτοῦ
567 3542 608 3552 -
644 3505 754 3568 malim
788 3505 920 3572 αὐτόν.
948 3545 988 3554 -
1016 3508 1066 3571 33.
1101 3489 1197 3588 τοὶχα

225 3630 288 3708 γὰρ
318 3627 369 3690 καὶ
398 3626 453 3702 σή,
487 3619 508 3688 ὦ
539 3623 706 3706 Τυχιάδη,
738 3627 998 3707 προσβιβασθείης
1030 3627 1102 3709 πρὸς
1138 3631 1195 3706 τήν

1225 3772 1250 3823 'f
