2562 4132
657 369 746 414 Lxxx

218 545 445 610 Herwerdeno.
472 581 513 594 -
539 531 675 614 taeloneo
692 543 748 620 μὲν
780 549 835 614 τῆς
867 541 1042 619 ἀγνοίας
1065 537 1173 615 συνεγί-

216 688 351 746 ρυαοκνν
383 703 424 716 —-
458 686 525 729 non
558 665 592 727 id
628 663 721 728 oredo
742 647 919 748 ignoscere
954 665 1083 748 paratus
1114 661 1177 724 erat

225 787 443 872 spectantibus
466 788 499 850 et
521 784 754 852 admirantibus
777 784 904 850 divitias
923 786 957 848 at
973 783 1075 868 regios
1087 801 1178 866 appo-

220 909 325 990 ratus‚
350 906 436 990 quod
462 928 529 970 non
553 909 762 990 cognossent,
786 908 944 990 quantum
968 923 1180 970 aerumnarum

188 1034 190 1044 ’
219 1030 253 1091 et
276 1026 446 1090 anxietatis
469 1027 563 1090 illum.
584 1028 786 1111 splendorem
805 1027 1006 1110 sequeretur,
1028 1025 1080 1090 sed
1102 1024 1182 1108 quod

219 1147 308 1211 bruti
339 1150 371 1211 et
400 1148 530 1213 hebetes
560 1149 595 1212 in
625 1171 731 1213 rerum
756 1148 921 1232 superfioie
942 1147 1108 1214 haererent
1128 1165 1185 1210 nee

222 1271 371 1353 saperent
400 1269 494 1355 setis;
527 1270 636 1354 itaque
666 1269 747 1334 mihi
780 1269 907 1352 quidem
941 1267 1114 1334 necessario
1134 1265 1185 1330 hie

219 1390 345 1454 videtur
367 1390 431 1474 legi
455 1391 569 1455 debere
592 1392 750 1462 ανοίας.«
771 1427 816 1438 —
841 1391 875 1453 ἐκ
894 1391 1043 1469 χρυσίου
1064 1408 1185 1450 -oum

221 1509 435 1576 Herwerdeno
467 1534 483 1576 e
514 1511 676 1578 Marciano
708 1512 835 1576 rest'tui
863 1515 1000 1591 χρυσοῦ.
1036 1549 1077 1560 -
1107 1514 1185 1587 μυῶν

220 1633 333 1705 πλῆθος
365 1631 381 1705 ἢ
415 1638 612 1709 μυγαλῶν
639 1671 679 1682 -
705 1632 828 1697 librarii
851 1633 948 1698 nimis
974 1632 1082 1698 nasuti
1105 1652 1187 1696 oom-

220 1755 365 1815 mentum
395 1774 468 1817 oum
500 1751 771 1818 Sommerbrodtio
799 1753 910 1818 abieci.
935 1791 975 1802 -
1003 1753 1056 1816 25.
1084 1754 1189 1818 θεσπε-

219 1874 291 1943 σίως
314 1873 377 1955 γαρ
403 1872 532 1939 ἔοικεν
550 1873 669 1946 ὄντας
690 1878 731 1954 τῷ
753 1875 932 1956 κολοσσιαίῳ
954 1875 1190 1955 παραδείγματι

218 2033 262 2044 -
287 1994 363 2060 ἔοικέ
387 2021 439 2062 σου
466 1998 507 2078 τῷ
532 2012 597 2061 καλ.
623 2021 697 2076 παρ.
726 2019 743 2062 e
769 1996 962 2063 Gorlioensis
985 1997 1121 2062 lectione
1141 1996 1190 2058 in·

222 2118 376 2183 stauravit
407 2118 434 2182 F
435 2118 612 2183 ritasohius.
644 2116 693 2184 Cf.
729 2118 890 2202 Zieglerus
918 2118 966 2184 l.l.
1000 2142 1032 2203 p.
1067 2120 1118 2183 11.
1149 2151 1189 2166 ·-

222 2239 294 2319 πρὸς
325 2233 374 2307 οὖς
405 2263 465 2302 τισι
499 2242 556 2302 τῶν
591 2242 814 2317 Συρακουσίων
839 2239 1118 2323 κοινολογούμενος,
1141 2233 1191 2300 καί

160 2376 165 2391 ’
222 2357 349 2424 aiaton
378 2348 557 2437 Παρμενίων
583 2359 797 2438 ἐπαινούμενος
825 2398 867 2408 -
893 2361 1100 2440 Συρακοσίων
1124 2379 1193 2423 oum

225 2481 361 2568 Cobeto:
400 2479 668 2559 Ἀλέξανδρον
705 2502 764 2565 pro
802 2478 899 2546 ἄλλον
933 2471 1194 2549 Sommarbrodtii

223 2606 270 2667 est
293 2601 436 2688 speciosa
460 2601 649 2666 emendatio.
677 2601 816 2688 (Nomen
839 2601 1004 2687 proprium
1021 2603 1100 2667 item
1119 2599 1192 2666 sori·

147 2807 149 2810 ⁴
224 2725 284 2788 bae
313 2724 406 2808 eulpa
429 2725 560 2788 evanuit
583 2724 668 2808 apud
692 2723 892 2789 Heraclitum
911 2725 945 2786 in
969 2722 1076 2808 Alleg.
1101 2723 1194 2788 Hom.

223 2868 255 2930 p.
288 2845 348 2910 49:
369 2842 493 2928 ’νξμίλει
528 2845 566 2908 δὲ
599 2845 650 2909 καί
684 2844 885 2924 ὂΕὐρνπίδνρς
911 2843 962 2908 τὸν
987 2839 1194 2925 inspumat-

225 2990 270 3032 νον
303 2968 399 3048 φησίν
430 2966 552 3044 aldina,
583 2965 640 3030 ubi
673 2967 846 3050 legendum
877 2987 943 3030 esse
976 2966 1055 3030 Δία
1089 2982 1194 3032 versus

224 3087 406 3172 Euripidei,
427 3087 482 3170 qui
501 3086 659 3165 citantur,
681 3087 860 3152 luculenter
880 3088 1065 3152 ostendunt.
1090 3083 1194 3154 Simile

223 3208 338 3274 vitium
373 3207 485 3272 notavi
520 3208 560 3270 ad
594 3206 756 3272 Antonini
790 3206 897 3272 Liber.
932 3207 1063 3273 Metam.
1098 3230 1125 3274 o.
1159 3203 1192 3268 7:

225 3326 348 3401 πάντας
384 3303 496 3400 αὖτοὺς
536 3329 675 3403 ἐποίησεν
711 3327 842 3410 ὄρνιθας,
879 3327 1031 3394 Ἀντίνοον
1062 3329 1118 3406 μὲν
1141 3325 1193 3392 είς

224 3449 290 3513 τὸν
325 3447 470 3519 ὄκνου...
507 3451 561 3524 τὴν
597 3449 626 3514 δὲ
663 3449 783 3529 ματέρα
820 3449 957 3529 κορυδίν,
995 3450 1051 3514 ubi
1073 3441 1193 3513 reatini

112 3562 116 3570 ’
223 3569 372 3648 νίοτερί
380 3593 426 3633 αν
459 3569 557 3648 ὄκνον,
582 3569 671 3636 nisus
695 3567 824 3636 Aeliani
847 3569 1032 3636 testimonio
1054 3570 1090 3634 in
1112 3564 1193 3632 Hist
