2632 4134
133 339 134 346 ‘
215 354 278 422 138
564 365 820 425 λοταιλυοτ

211 546 482 637 βλεπόμενονιιιαῖ
507 550 656 619 τοσοθτον
679 548 820 630 οῖρχοντα
844 549 896 614 καῖ
920 546 1182 630 προσκυνούμενον
1234 599 1241 612 .

214 661 374 748 δαιμονίας
388 669 464 735 ἕοικό
488 693 540 734 σου
564 671 606 750 τῷ
630 671 810 751 κολοσσιαίῳ
832 670 1092 752 παραδείγματι·
1114 674 1183 736 θεσ-

178 774 181 783 ’
210 790 317 856 πίσιον
341 790 402 871 γοίρ
423 815 453 855 τι
477 789 530 855 καί
555 795 654 857 τοῦτο.
679 791 717 855 σὺ
741 791 773 856 δὲ
800 791 842 855 τόν
867 787 945 856 ἔνδον
970 790 1026 866 ἤδη
1052 797 1106 856 τοῦ
1133 815 1182 856 κο-

214 917 325 977 λοσσοῦ
347 911 436 991 λέγε.

260 1043 385 1100 ΑΛΕΚ.
414 1035 457 1098 Τί
485 1029 599 1115 πρῶτον
622 1033 696 1099 εῖπο
722 1058 787 1112 σοι,
810 1032 832 1098 ὦ
856 1034 998 1113 Μικθλε;
1025 1034 1097 1106 τοὺς
1121 1034 1180 1117 φό·

212 1155 288 1232 βους
307 1155 358 1220 καῖ
376 1157 417 1220 τόν
431 1156 568 1232 δείματα
581 1157 633 1221 καί
648 1156 784 1235 ὑποψίας
798 1155 850 1222 καί
865 1165 955 1232 μῖσος
970 1157 1005 1220 τό
1018 1155 1107 1235 παροδ
1121 1161 1182 1220 τοῖν

214 1399 391 1464 ἐπιπόλαιον
416 1401 563 1484 κοῖκεῖνον,
587 1402 641 1464 καί
665 1407 810 1480 ταραχῆς
835 1398 941 1475 μεστόν
962 1398 1105 1477 όνειρατα
1125 1397 1180 1462 καί

214 1518 327 1592 ἐννοίας
360 1519 572 1594 πολυπλόκους
596 1520 649 1584 καῖ
674 1520 804 1593 ἐλπίδας
830 1519 878 1584 οῖεῖ
903 1518 1055 1598 πονηροῖς,
1083 1519 1099 1592 ἦ
1124 1520 1180 1592 τὴν

213 1639 370 1720 οῖσχολίαν
393 1640 444 1704 καῖ
469 1642 712 1719 χρηματισμοὺς
734 1641 785 1705 καὶ
807 1639 894 1713 δίκας
908 1641 960 1706 καῖ
975 1641 1180 1720 ἐκστρατείας

214 1758 267 1822 καὶ
290 1759 526 1840 προστάγματα
541 1760 592 1824 καὶ
607 1761 791 1837 συνθήματα
803 1761 857 1824 καί
871 1759 1057 1838 λογισμοός;
1074 1761 1130 1840 ὑφ’
1143 1757 1181 1826 ὧν

215 1881 275 1945 οὐδ’
306 1879 376 1961 όναρ
412 1883 595 1946 οῖπολαῢσαί
635 1905 713 1954 τινος
748 1881 831 1957 ν’δόος
866 1884 1068 1960 ἐγγίγνεται,
1104 1884 1181 1947 ἀλλ’

214 2001 338 2083 οῖνοθγκκ
364 2004 437 2082 ὑπὲρ
461 2003 607 2068 οῖποῖντινν
623 1992 719 2082 1μόνον
745 2006 977 2068 διασκοπεῖσθαι
1002 2003 1055 2068 καῖ
1082 2004 1180 2085 μυρία

214 2119 298 2204 ἔχειν
318 2124 515 2205 πρόγματα·

259 2244 323 2309 οὐδὲ
338 2241 573 2324 γὰρ”Ατρείδνν
586 2246 812 2324 ’λγαμόμνονα

261 2362 352 2436 ὕπνος
365 2365 422 2445 ἔχε
434 2368 582 2446 γλυκερός
596 2369 702 2435 πολλοὶ
715 2368 824 2449 Φρεσίν
837 2369 1040 2448 ὁρμαίνοντα,

215 2489 269 2552 καῖ
283 2493 388 2552 ταῦτα
400 2489 566 2569 ῥεγκόντων
580 2491 719 2571 Ἀχαιῶν
733 2489 891 2555 οῖποίντιον.
907 2499 1005 2556 λυπεῖ
1014 2489 1044 2554 δὲ
1058 2492 1183 2569 τὸνμὲν

215 2609 313 2676 Λυδόν
333 2611 346 2673 ὁ
368 2609 428 2681 υἱός
450 2611 551 2691 κωφός
572 2610 619 2690 όν,
643 2614 694 2678 τόν
716 2611 832 2691 Πθρσνν
855 2611 885 2676 δὲ
905 2601 1068 2692 Κλέαρχος
1094 2612 1181 2694 Κύρῳ

214 2730 392 2815 ξενολογῶν,
414 2730 509 2796 όιλλον
529 2732 560 2797 δὲ
581 2734 661 2798 Δίαν
684 2735 754 2812 πρὸς
777 2729 825 2805 οὖς
839 2756 899 2798 τισι
915 2741 974 2798 τῶν
987 2736 1182 2813 Συρακοσίαν

216 2854 494 2931 κοινολογούμενος,
523 2854 574 2919 καῖ
600 2852 802 2935 Ἀλέξανδρον
830 2856 1010 2936 Παρμενίων
1040 2857 1182 2924 ἐπαινοθ·

214 2999 303 3052 μενος
324 2974 377 3040 καί
390 2975 561 3056 Περδίκκαν
573 2983 770 3054 Πτολεμαῖος
784 2977 837 3041 καῖ
851 2987 1048 3055 Πτολεμαῖον
1062 2978 1181 3044 Σέλευ-

110 3152 113 3159 .
213 3119 281 3168 κος·
313 3097 401 3162 οῖλλόι
432 3099 560 3162 κοῖαεῖνα
594 3098 746 3184 λυπεῖ,ό
772 3098 915 3178 ἐρώμενος
941 3098 1012 3180 πρὸς
1037 3097 1182 3178 οῖνοίγκην

216 3217 307 3296 ξυνὼν
331 3217 382 3281 καί
408 3219 568 3288 παλλακὶς
589 3215 677 3300 όιλλρι
697 3220 853 3299 χαίρουσα
873 3219 925 3283 καῖ
947 3220 1182 3296 ἀποστήσεσθαί

214 3365 292 3412 τινες
314 3341 476 3418 λεγόμενοι
495 3339 547 3406 καῖ
572 3338 650 3414 m
670 3341 819 3421 τέτταρες
840 3347 899 3406 τῶν
917 3341 1084 3424 δορυφόρων
1107 3345 1179 3425 πρὸς

215 3463 371 3538 οῖλλθλους
403 3460 670 3542 διαψιθυρίζοντες.
703 3464 738 3526 τὸ
765 3460 796 3526 δὲ
820 3461 977 3540 μέγιστον,
1006 3464 1180 3546 ὑφορᾶσθαι

214 3583 262 3648 δεῖ
281 3584 351 3658 τοὺς
372 3582 545 3667 Φιλτθτονς
563 3583 709 3660 μάλιστα
732 3581 794 3659 κοῖξ
814 3584 933 3649 ἐκείνων
958 3585 1009 3649 ιῖεί
1032 3609 1063 3650 τι
1088 3585 1180 3652 δεινὸν
